%===================
% Deafness
%===================

@book{Epee:1776,
    author    = {{Charles Michel de L' \'{E}p\'{e}e}},
    title     = {Institution des sourds et muets par la voie des signes m\'{e}thodiques},
    publisher = {Paris : Nyon l'ain\'{e}},
    year      = {1776}
}

@book{Epee:1784,
    author    = {{Charles Michel de L' \'{E}p\'{e}e}},
    title     = {La v\'{e}ritable mani\`{e}re d'instruire les sourds et muets, confirm\'{e}e par une longue exp\'{e}rience},
    publisher = {Paris : Nyon l'ain\'{e}},
    year      = {1784}
}

@book{Lane:1996, 
    author    = {Lane, Harlan}, 
    title     = {Quand l'esprit entend - Histoire des sourd-muets}, 
    publisher = {Odile Jacob (Editions)},
    year      = {1996}
}

@book{Virole:1999, 
    author    = {Virole, Beno\^{i}t }, 
    title     = {Psychologie de la surdite}, 
    publisher = {De Boeck},
    year      = {1999}
}

@book{Moore:2013,
    author    = {Moore, B.N. and Bruder, K.},
    title     = {Philosophy: The Power Of Ideas: Ninth Edition},
    publisher = {McGraw-Hill Higher Education},
    year      = {2013},
}

@book{Delaporte:2002,
    author    = {Delaporte, Yves},
    title     = {Les sourds, c'est comme \c{c}a},
    publisher = {Ed. de la maison des sciences de l'homme},
    year      = {2002}
}


%===================
% Toolkit
%===================

@article{Kullback:1951,
    author  = {Kullback, S. and Leibler, R. A.},
    title   = {On Information and Sufficiency},
    journal = {The Annals of Mathematical Statistics},
    volume  = {22},
    number  = {1},
    pages   = {79-86},
    year    = {1951}
}

@INPROCEEDINGS{Boersma:1993,
    author    = {Boersma, Paul},
    title     = {Accurate short-term analysis of the fundamental frequency and the harmonics-to-noise ratio of a sampled sound},
    booktitle = {Proceedings of the Institute of Phonetic Sciences},
    volume    = {17},
    pages     = {97-110},
    year      = {1993}
}

@INPROCEEDINGS{Schmid:1994,
    author    = {Schmid, Helmut},
    title     = {Probabilistic Part-of-Speech Tagging Using Decision Trees},
    booktitle = {Proceedings of the International Conference on New Methods in Language Processing},
    pages     = {44-49},
    year      = {1994}
}

@INPROCEEDINGS{Placeway:1996, 
    author    = {Placeway, P. and Chen, S. and Eskenazi, M. and Jain, U. and Parikh, V. and
                 Raj, B. and Ravishankar, M. and Rosenfeld, R. and Seymore, K. and Siegler, M. and Stern, R. and Thayer, E.}, 
    title     = {{The 1996 Hub-4 Sphinx-3 System}}, 
    booktitle = {DARPA Speech Recognition Workshop}, 
    year      = {1996}
}

@INPROCEEDINGS{Pei:2001,
    author    = {Pei, J. and Han, J. and Mortazavi-Asl, B. and Pinto, H. and Chen, Q. and Dayal, U. and Hsu, M.-C.},
    title     = {{PrefixSpan}: Mining Sequential Patterns Efficiently by Prefix-Projected Pattern Growth},
    booktitle = {International Conference on Data Engineering},
    pages     = {215-224},
    year      = {2001}
}

@INPROCEEDINGS{Stolcke:2002,
    author    = {Stolcke, A.},
    title     = {{SRILM} an Extensible Language Modeling Toolkit}, 
    booktitle = {Conference on Spoken Language Processing},
    year      = {2002}
}

@article{ETSI:2005,
    author  = {{ETSI ES 202 212}},
    title   = {Speech Processing, Transmission and Quality Aspects ({STQ}); 
               distributed speech recognition; extended advanced front-end feature extraction algorithm; compression algorithms},
    journal = {ETSI ES},
    year    = {2005}
}

@book{Young:2006,
    author    = {Young, Steve J. and Kershaw, D. and Odell, J. and Ollason, D. and Valtchev, V. and Woodland, P.},
    title     = {The {HTK} Book Version 3.4},
    publisher = {Cambridge University Press},
    year      = {2006}
}


@INPROCEEDINGS{Huggins:2006,
    author    = {Huggins-Daines, D. and Kumar, M. and Chan, A. and Black, A.-W. and Ravishankar, M. and Rudnicky, A.-I.},
    title     = {{PocketSphinx}: A free, real-time continuous speech recognition system for hand-held devices},
    booktitle = {Proceedings of the IEEE International Conference on Acoustics, Speech and Signal Processing (ICASSP)},
    year      = {2006}
}

@article{Bisani:2008,
    author  = {Bisani, Maximilian and Ney, Hermann},
    title   = {Joint-sequence Models for Grapheme-to-phoneme Conversion},
    journal = {Speech Communication},
    volume  = {50},
    number  = {5},
    pages   = {434-451},
    year    = {2008}
}

@article{Hall:2009,
    author  = {Hall, M. and Frank, E. and Holmes, G. and Pfahringer, B. and Reutemann, P. and Witten, I. H.},
    title   = {The {WEKA} Data Mining Software: An Update},
    journal = {SIGKDD Explorations},
    volume  = {11},
    number  = {1},
    pages   = {10-18},
    year    = {2009}
} 

@INPROCEEDINGS{Povey:2011,
    author   = {Povey, Daniel and Ghoshal, Arnab and Boulianne, Gilles and Burget, Lukas and Glembek, Ondrej and Goel, Nagendra and Hannemann, Mirko and Motlicek, Petr and Qian, Yanmin and Schwarz, Petr and Silovsky, Jan and Stemmer, Georg and Vesely, Karel},
    title       = {The Kaldi Speech Recognition Toolkit},
    booktitle = {IEEE 2011 Workshop on Automatic Speech Recognition and Understanding},
    year      = {2011}    
}

@article{Wang:2011,
     author  = {Wang, Dong and King, Simon},
     title   = {Letter-to-sound pronunciation prediction using conditional random fields}, 
     journal = {{S}ignal {P}rocessing {L}etters}, 
     volume  = {18},
     number  = {2},
     year    = {2011}
}

@INPROCEEDINGS{Illina:2011,
    author    = {Illina, Irina and Fohr, Dominique and Jouvet, Denis},
    title     = {Grapheme-to-Phoneme Conversion using Conditional Random Fields}, 
    booktitle = {Proceedings of Interspeech},
    pages     = {2313-2316},
    year      = {2011}
} 

@INPROCEEDINGS{Jouvet:2012, 
    author    = {Jouvet, D. and Fohr, D. and Illina, I.}, 
    title     = {Evaluating grapheme-to-phoneme converters in automatic speech recognition context}, 
    booktitle = {Proceedings of the IEEE International Conference on Acoustics, Speech and Signal Processing (ICASSP)}, 
    pages     = {4821-4824},
    year      = {2012}
}

@INPROCEEDINGS{Fohr:2012,
    author    = {Fohr, D. and Mella, O.},
    title     = {{CoALT}: A Software for Comparing Automatic Labelling Tools},
    booktitle = {Proceedings of the International Conference on Language Resources and Evaluation (LREC)},
    year      = {2012}
}

@INPROCEEDINGS{Jouvet:2013-1,
    author    = {Jouvet, Denis and Fohr, Dominique},
    title     = {{Combining forward-based and backward-based decoders for improved speech recognition performance}},
    booktitle = {Proceedings of Interspeech},
    year      = {2013}
}

@INPROCEEDINGS{Jouvet:2013-2,
  author    = {Jouvet, Denis and Langlois, David},
  title     = {{A machine learning based approach for vocabulary selection for speech transcription}},
  booktitle = {{Proceedings of the 16th International Conference on Text, Speech and Dialogue (TSD)}},
  volume    = {8082},
  pages     = {60-67},
  year      = {2013}
}



%===================
% Classifiers
%===================

@book{Pollack:1971,
    author    = {Pollack, S. L. and Hicks, H. T. and Harrison, W. J.},
    title     = {Decision tables: theory and practice},
    publisher = {Wiley-Interscience},
    year      = {1971}
}

@INPROCEEDINGS{Kohavi:1995,
    author    = {Kohavi, Ron},
    title     = {The power of {Decision Tables}},
    booktitle = {Proceedings of the 8th European Conference on Machine Learning (ECML)},
    publisher = {Springer},
    pages     = {174-189},
    year      = {1995}
}

@article{Ruck:1990,
    author  = {Ruck, D. W. and Rogers, S. K. and Kabrisky, M. and Oxley, M. E. and Suter, B. W.},
    title   = {{The multilayer perceptron as an approximation to a Bayes optimal discriminant function}},
    journal = {IEEE Transactions on Neural Networks},
    number  = {4},
    volume  = {1},
    pages   = {296-298},
    year    = {1990}
}

@article{leCessie:1992,
    author  = {le Cessie, S. and van Houwelingen, J.C.},
    title   = {Ridge estimators in {Logistic Regression}},
    journal = {Applied Statistics},
    volume  = {41},
    number  = {1},
    pages   = {191-201},
    year    = {1992}
}
 
@book{Quinlan:1993,
    author    = {Quinlan, J. R.},
    title     = {C4.5: Programs for Machine Learning},
    publisher = {Morgan Kaufmann Publishers Inc.},
    year      = {1993}
} 

@INPROCEEDINGS{Cohen:1995,
    author    = {Cohen, W.},
    title     = {Fast Effective Rule Induction},
    booktitle = {Proceedings of the 12th International Conference on Machine Learning},
    pages     = {115-123},
    year      = {1995}
}

@INPROCEEDINGS{Freund:1996,
    author    = {Freund, Yoav and Schapire, Robert E.},
    title     = {Experiments with a new boosting algorithm},
    booktitle = {Thirteenth International Conference on Machine Learning},
    publisher = {Morgan Kaufmann},
    pages     = {148-156},
    year      = {1996}
}

@book{Hosmer:2000,
    author    = {Hosmer, D. W. and Lemeshow, S.},
    title     = {Applied logistic regression},
    publisher = {Wiley-Interscience},
    year      = {2000}
}

@article{Keerthi:2001,
    author  = {Keerthi, S.S and Shevade, S.K. and Bhattacharyya, C. and Murthy, K.R.K.},
    title   = {{Improvements to Platt's SMO algorithm for SVM classifier design}},
    journal = {Neural Computation},
    volume  = {13},
    number  = {3},
    pages   = {637-649},
    year    = {2001}
}

%===================
% Corpus
%===================

@misc{WikipediaFR:2008, 
    Author       = {Sajous, Franck}, 
    Howpublished = {"http://redac.univ-tlse2.fr/corpus/wikipedia\_en.html"}, 
    year         = {2008} 
}

@INPROCEEDINGS{Galliano:2009,
    author    = {Galliano, Sylvain and Gravier, Guillaume and Chaubard, Laura},
    title     = {The {ESTER} 2 evaluation campaign for rich transcription of {French} broadcasts}, 
    booktitle = {Proceedings of Interspeech},
    year      = {2009} 
}

@INPROCEEDINGS{Esteve:2010,
    author    = {Est\`{e}ve, Y. and Bazillon, T.  and  Antoine, J.-Y and B\'{e}chet, F. and Farinas, J.},
    title     = {The {EPAC} corpus: manual and automatic annotations of conversational speech in {French} broadcast news}, 
    booktitle = {Proceedings of the International Conference on Language Resources and Evaluation (LREC)}, 
    year      = {2010}
}

@INPROCEEDINGS{Reese:2010,
    author    = {Reese, Samuel and Boleda, Gemma and Cuadros, Montse and Padr\'{o}, Llu\'{i}s and Rigau, German},
    title     = {Wikicorpus: A Word-Sense Disambiguated Multilingual Wikipedia Corpus},
    booktitle = {Proceedings of the International Conference on Language Resources and Evaluation (LREC)}, 
    year      = {2010}
}

@INPROCEEDINGS{Mendonca:2011,
    author    = {Mendon\c{c}a, \^{A}. and Graff, D. and DiPersio, D.},
    title     = {French {Gigaword} third edition}, 
    booktitle = {Proceedings of the Linguistic Data Consortium},
    year      = {2011} 
}

@INPROCEEDINGS{Gravier:2012,
    author    = {Gravier, Guillaume and Adda, Gilles and Paulson, Niklas and Carr\'{e}, Matthieu and Giraudel, Aude and Galibert, Olivier},
    title     = {The {ETAPE} corpus for the evaluation of speech-based TV content processing in the {French} language},
    booktitle = {Proceedings of the International Conference on Language Resources, Evaluation and Corpora (LREC)},
    year      = {2012}
}


%===================
% Vocabulary
%===================

@misc{cmu:1996, 
    Author       = {Hunt, Andrew}, 
    Howpublished = {"http://www.speech.cs.cmu.edu/cgi-bin/cmudict"}, 
    year         = {1996} 
}

@INPROCEEDINGS{Calmes:1998,
    author    = {de Calm\'{e}s, M. and P\'{e}rennou, G.},
    title     = {{BDLEX} : a Lexicon for Spoken and Written {French}}, 
    booktitle = {Proceedings of the International Conference on Language Resources and Evaluation (LREC)}, 
    pages     = {1129-1136},
    year      = {1998}
}


%========================
% confidence measures
%========================

@INPROCEEDINGS{Rose:1995,
    author    = {Rose, Richard C. and Juang, Biing-Hwang and Lee, Chin-Hui},
    title     = {A training procedure for verifying string hypotheses in continuous speech recognition},
    booktitle = {Proceedings of the IEEE International Conference on Acoustics, Speech and Signal Processing (ICASSP)},
    volume    = {1},
    pages     = {281-284},
    year      = {1995}
}

@INPROCEEDINGS{Weintraub:1997,
    author    = {Weintraub, Mitch and Beaufays, Francoise and Rivlin, Ze'ev and Konig, Yochai and Stolcke, Andreas},
    title     = {Neural-network based measures of confidence for word recognition},
    booktitle = {Proceedings of the IEEE International Conference on Acoustics, Speech and Signal Processing (ICASSP)},
    pages     = {887-890},
    year      = {1997}
}

@INPROCEEDINGS{Rueber:1997,
    author    = {Rueber, Bernhard},
    title     = {Obtaining confidence measures from sentence probabilities},
    booktitle = {Proceedings of Eurospeech},
    year      = {1997}
}

@INPROCEEDINGS{Kemp:1997,
    author    = {Kemp, Thomas and Schaaf, Thomas and others},
    title     = {Estimating confidence using word lattices.},
    booktitle = {Proceedings of Eurospeech},
    year      = {1997}
}

@INPROCEEDINGS{Wessel:1999,
    author    = {Frank Wessel and Klaus Macherey and Hermann Ney},
    title     = {A Comparison Of Word Graph And N-Best List Based Confidence Measures},
    booktitle = {Proceedings of Eurospeech},
    pages     = {315-318},
    year      = {1999}
}

@INPROCEEDINGS{Zhang:2001,
    author    = {Zhang, Rong and Rudnicky, Alexander I},
    title     = {Word level confidence annotation using combinations of features},  
    booktitle = {Proceedings of Eurospeech},
    year      = {2001}
}
%the European Conference on Speech Communication Technology},

@article{Wessel:2001,
    author  = {Wessel, Frank and Schlüter, Ralf and Macherey, Klaus and Ney, Hermann},
    title   = {Confidence Measures for Large Vocabulary Continuous Speech Recognition},
    journal = {IEEE Transactions on Speech and Audio Processing},
    volume  = {9},
    pages   = {288-298},
    year    = {2001}
}

@article{Jiang:2005,
    author  = {Jiang, H.}, 
    title   = {Confidence measures for speech recognition: A survey},
    journal = {Speech Communication}, 
    number  = {4}, 
    volume  = {45},
    pages   = {455-470}, 
    year    = {2005} 
}

@phdthesis{Razik:2007,
    author = {Razik, Joseph},
    title  = {Local and frame-synchronous confidence measures for automatic speech recognition},
    school = {Universit{\'e} Henri Poincar{\'e} - Nancy I},
    type   = {Thèse en informatique},
    year   = {2007}
}


%=============================================
% ASR for Deaf people / Disabled people
%=============================================

@article{Klat:1987,
    author  = {Klatt, Dennis H.},
    title   = {Review of text-to-speech conversion for {English}},
    journal = {The Journal of the Acoustical Society of America},
    volume  = {82},
    number  = {3}, 
    pages   = {737-793},
    year    = {1987}
}

@article{Noyes:1992,
    author  = {Noyes, Jan M. and Frankish, Clive R.},
    title   = {Speech recognition technology for individuals with disabilities},
    journal = {Augmentative and Alternative Communication},
    volume  = {8},
    number  = {4},
    pages   = {297-303},
    year    = {1992}
}

@article{TANG:1994,
    author  = {Tang, K. W. and Kamoua, R. and Sutan, V. and Farooq, O. and Eng, G. and Chu, W. C. and Hou, G.},
    title   = {Speech recognition technology for disabilities education},
    journal = {Journal of Educational Technology Systems},
    volume  = {33},
    number  = {2},
    pages   = {173-184},
    year    = {1994}
}

@phdthesis{Sokol:1996, 
    author = {Sokol, R.}, 
    title  = {R\'{e}seaux neuro-flous et reconnaissance de traits phon\'{e}tiques pour l'aide \`{a} la lecture labiale},
    school = {Universit\'{e} de Rennes}, 
    type   = {Th\`{e}se en informatique},
    year   = {1996}
} 

@INPROCEEDINGS{Woodcock:1997, 
    author    = {Woodcock, K.}, 
    title     = {Ergonomics and automatic speech recognition applications for deaf and hard-of-hearing users}, 
    booktitle = {Technology and Disability}, 
    volume    = {7},
    pages     = {147-164},
    year      = {1997}
}

@article{Coursant:1999, 
    author  = {Coursant-Moreau, A. and Destombes, F.}, 
    title   = {{LIPCOM}, prototype d'aide automatique \`{a} la r\'{e}ception de la parole par les personnes sourdes}, 
    journal = {Glossa}, 
    number  = {68},
    pages   = {36-40},
    year    = {1999}
} 

@article{Simpson:2002,
    author  = {Simpson, Richard C.},
    title   = {Voice control of a powered wheelchair},
    journal = {IEEE Transactions on Neural Systems and Rehabilitation Engineering},
    volume  = {10},
    number  = {2},
    pages   = {122-125},
    year    = {2002}
}

@INPROCEEDINGS{Cox:2002, 
    author    = {Cox, Stephen and Lincoln, Michael and Tryggvason, Judy and Nakisa, Melanie and Wells, Mark and Tutt, Marcus and Abbott, Sanja}, 
    title     = {Tessa, a system to aid communication with deaf people}, 
    booktitle = {Proceedings of the fifth international ACM conference on Assistive technologies}, 
    publisher = {ACM},
    pages     = {205-212},
    year      = {2002}
}

@misc{Schonbachler:2003, 
    author       = {Sch\"{o}nb\"{a}chler, J.}, 
    title        = {Le traitement de la parole pour les personnes handicap\'{e}es}, 
    howpublished = {travail de s\'{e}minaire}, 
    year         = {2003} 
}

@INPROCEEDINGS{Razik:2008,
    author    = {Razik, J. and Mella, O. and Fohr, D. and Haton, J.-P.},
    title     = {Transcription automatique pour malentendants : am\'{e}lioration \`{a} l'aide de mesures de confiance locales}, 
    booktitle = {Journ\'{e}es d'\'{E}tude sur la Parole (JEP)},
    year      = {2008} 
} 

@inproceedings{Nafjan:2010,
    author    = {Al-Nafjan, Abeer},
    title     = {The Design and Development of {Labib}: An Arabic Sign Language Educational Tool},
    booktitle = {World Conference on Educational Multimedia, Hypermedia and Telecommunications},
    pages     = {3231-3234},
    year      = {2010}
}

@article{Lopez:2014,
    author  = {L\'{o}pez-Ludeña, V. and Gonzalez-Morcillo, C. and L\'{o}pez, J.-C. and Ferreiro, E. and Ferreiros, J. and San Segundo, R.},
    title   = {Methodology for developing an advanced communications system for the Deaf in a new domain},
    journal = {Knowledge-Based Systems},
    volume  = {56},
    pages   = {240-252},
    year    = {2014}
}

%============================
% Signal processing
%============================

@article{Davis:1980,
    author  = {Davis, Steven B. and Mermelstein, Paul},
    title   = {Comparison of Parametric Representations for Monosyllabic Word Recognition in Continuously Spoken Sentences},
    journal = {IEEE Transactions on Acoustics, Speech, and Signal Processing},
    volume  = {28},
    number  = {4},
    pages   = {357-366},
    year    = {1980}
}

@article{Hermansky:1990,
    author  = {Hermansky, Hynek},
    title   = {Perceptual linear predictive ({PLP}) analysis of speech},
    journal = {The Journal of the Acoustical Society of America},
    volume  = {87},
    number  = {4},
    pages   = {1738-1752},
    year    = {1990}
}

@INPROCEEDINGS{Picone:1993,
    author    = {Picone, Joseph W.},
    title     = {Signal modeling techniques in speech recognition},
    booktitle = {Proceedings of the IEEE},
    pages     = {1215-1247},
    year      = {1993}
}

@article{Kumar:1998,
    author    = {Kumar, Nagendra and Andreou, Andreas G},
    title     = {Heteroscedastic discriminant analysis and reduced rank {HMMs} for improved speech recognition},
    journal   = {Speech communication},
    publisher = {Elsevier},
    volume    = {26},
    number    = {4},
    pages     = {283--297},
    year      = {1998}
}

@INPROCEEDINGS{Hermansky:2000,
    author    = {Hermansky, Hynek and Ellis, Daniel W and Sharma, Shantanu},
    title     = {Tandem connectionist feature extraction for conventional HMM systems},
    booktitle = {Proceedings of the IEEE International Conference on Acoustics, Speech and Signal Processing (ICASSP)},
    volume    = {3},
    pages     = {1635-1638},
    year      = {2000}
}

@INPROCEEDINGS{Schluter:2001,
    author    = {Schluter, Ralf and Ney, Hemann},
    title     = {Using phase spectrum information for improved speech recognition performance},
    booktitle = {Proceedings of the IEEE International Conference on Acoustics, Speech and Signal Processing (ICASSP)},
    volume    = {1},
    pages     = {133-136},
    year      = {2001}
}

@INPROCEEDINGS{Huang:2001,
  author    = {Huang, Chao and Chen, Tao and Li, Stan Z and Chang, Eric and Zhou, Jian-Lai},
  title     = {Analysis of speaker variability.},
  booktitle = {Proceedings of Interspeech},
  pages     = {1377-1380},
  year      = {2001}
}

@INPROCEEDINGS{Macho:2002,
    author    = {Macho, Duncan and Mauuary, Laurent and No{\'{e}}, Bernhard and Cheng, Yan Ming and 
                 Ealey, Douglas and Jouvet, Denis and Kelleher, Holly and Pearce, David and Saadoun, Fabien},
    title     = {Evaluation of a noise-robust {DSR} front-end on {Aurora} databases},
    booktitle = {Proceedings of Interspeech},
    year      = {2002}
}

@INPROCEEDINGS{Sorin:2004,
    author    = {Sorin, Alexander and Ramabadran, Tenkasi and Chazan, Dan and Hoory, Ron and McLaughlin, Michael and Pearce, David and Wang, FC and Zhang, Yaxin},
    title     = {The {ETSI} extended distributed speech recognition (DSR) standards: client side processing and tonal language recognition evaluation},
    booktitle = {Proceedings of the IEEE International Conference on Acoustics, Speech and Signal Processing (ICASSP)},
    volume    = {1},
    pages     = {129-132},
    year      = {2004}
}

@INPROCEEDINGS{Zolnay:2005,
    author    = {Zolnay, Andr{\'a}s and Schl{\"u}ter, Ralf and Ney, Hermann},
    title     = {Acoustic Feature Combination for Robust Speech Recognition.},
    booktitle = {Proceedings of the IEEE International Conference on Acoustics, Speech and Signal Processing (ICASSP)},
    volume    = {1},
    pages     = {457-460},
    year      = {2005}
}

@INPROCEEDINGS{Grezl:2007,
    author    = {Gr{\'e}zl, Frantisek and Karafi{\'a}t, Martin and Kont{\'a}r, Stanislav and Cernocky, Jan},
    title     = {Probabilistic and bottle-neck features for {LVCSR} of meetings},
    booktitle = {Proceedings of the IEEE International Conference on Acoustics, Speech and Signal Processing (ICASSP)},
    volume    = {4},
    pages     = {757-760},
    year      = {2007}
}

@INPROCEEDINGS{Singh:2007,
    title     = {Dimensionality reduction for speech recognition using neighborhood components analysis.},
    author    = {Singh-Miller, Natasha and Collins, Michael and Hazen, Timothy J},
    booktitle = {Proceedings of Interspeech},
    pages     = {1158-1161},
    year      = {2007}
}

@article{Kotnik:2007,
    author  = {Kotnik, Bojan and Kacic, Zdravko},
    title   = {A noise robust feature extraction algorithm using joint wavelet packet subband decomposition and {AR} modeling of speech signals},
    journal = {Signal Processing},
    volume  = {87},
    number  = {6},
    pages   = {1202-1223},
    year    = {2007}
}

@INPROCEEDINGS{Yu:2011,
    author    = {Yu, Dong and Seltzer, Michael L},
    title     = {Improved Bottleneck Features Using Pretrained Deep Neural Networks.},
    booktitle = {Proceedings of Interspeech},
    pages     = {237-240},
    year      = {2011}
}

@INPROCEEDINGS{Kim:2012,
    author    = {Kim, Chanwoo and Stern, Richard M},
    title     = {Power-normalized cepstral coefficients ({PNCC}) for robust speech recognition},
    booktitle = {Proceedings of the IEEE International Conference on Acoustics, Speech and Signal Processing (ICASSP)},
    pages     = {4101-4104},
    year      = {2012}
}

@INPROCEEDINGS{Gehring:2013,
    author    = {Gehring, Jonas and Miao, Yinping and Metze, Florian and Waibel, Alex},
    title     = {Extracting deep bottleneck features using stacked auto-encoders},
    booktitle = {Proceedings of the IEEE International Conference on Acoustics, Speech and Signal Processing (ICASSP)},
    pages     = {3377-3381},
    year      = {2013}
}

%============================
% LMs 
%============================

@article{Good:1953,
    author  = {Good, Irving John},
    title   = {The population frequencies of species and the estimation of population parameters},
    journal = {Biometrika},
    pages   = {237-264},
    volume  = {40},
    number  = {3-4},
    year    = {1953}
}

@INPROCEEDINGS{Jelinek:1991,
     author    = {Jelinek, F. and Merialdo, B. and Roukos, S. and Strauss, M.},
     title     = {A Dynamic Language Model for Speech Recognition},
     booktitle = {Proceedings of the Workshop on Speech and Natural Language},
     pages     = {293--295},
     year      = {1991}
}

@article{Ney:1995,
    author  = {Ney, H. and Essen, U. and Kneser, R.},
    title   = {On the estimation of 'small' probabilities by leaving-one-out},
    journal = {IEEE Transactions on Pattern Analysis and Machine Intelligence},
    volume  = {17},
    number  = {12},
    pages   = {1202-1212},
    year    = {1995}
}

@TECHREPORT{Chen:1998,
    author      = {Chen, Stanley F. and Goodman, Joshua},
    title       = {An Empirical Study of Smoothing Techniques for Language Modeling},
    institution = {Harvard University},
    year        = {1998}
}

@article{Chelba:2000,
    author  = {Chelba, Ciprian and Jelinek, Frederick},
    title   = {Structured language modeling},
    journal = {Computer Speech \& Language},
    volume  = {14},
    number  = {4},
    pages   = {283-332},
    year    = {2000}
}

@TECHREPORT{Goodman:2001,
    author      = {Goodman, Joshua T. },
    title       = {A Bit of Progress in Language Modeling},
    institution = {Microsoft Research},
    year        = {2001}
}

@article{Bengio:2003,
    author  = {Bengio, Yoshua and Ducharme, R{\'e}jean and Vincent, Pascal and Janvin, Christian},
    title   = {A Neural Probabilistic Language Model},
    journal = {The Journal of Machine Learning Research},
    volume  = {3},
    pages   = {1137-1155},
     year   = {2003}
} 

@article{Xu:2007,
    author  = {Xu, Peng and Jelinek, Frederick},
    title   = {Random forests and the data sparseness problem in language modeling},
    journal = {Computer Speech \& Language},
    volume  = {21},
    number  = {1},
    pages   = {105-152},
    year    = {2007}
}

@article{Schwenk:2007,
    author    = {Schwenk, Holger},
    title     = {Continuous space language models},
    journal   = {Computer Speech \& Language},
    publisher = {Elsevier},
    volume    = {21},
    number    = {3},
    pages     = {492-518},
    year      = {2007}
}

@INPROCEEDINGS{Mikolov:2010,
  author    = {Mikolov, Tomas and Karafi{\'a}t, Martin and Burget, Lukas and Cernock{\`y}, Jan and Khudanpur, Sanjeev},
  title     = {Recurrent neural network based language model.},
  booktitle = {Proceedings of Interspeech},
  pages     = {1045-1048},
  year      = {2010}
}

@INPROCEEDINGS{Mikolov:2011_1,
    author    = {Mikolov, Tomas  and Deoras, Anoop and Kombrink, Stefan and Burget, Lukas and Cernocky, Jan Honza},
    title     = {Empirical Evaluation and Combination of Advanced Language Modeling Techniques},
    booktitle = {Proceedings of Interspeech},
    publisher = {ISCA},
    year      = {2011}
}

@inproceedings{Mikolov:2011_2,
    author    = {Mikolov, Tomas and Kombrink, Stefan and Burget, Lukás and Cernocký, Jan and Khudanpur, Sanjeev},
    title     = {Extensions of recurrent neural network language model},
    booktitle = {Proceedings of the IEEE International Conference on Acoustics, Speech and Signal Processing (ICASSP)},
    pages     = {5528-5531},
    year      = {2011}
}

@INPROCEEDINGS{Vaswani:2013,
    author    = {Vaswani, Ashish and Zhao, Yinggong and Fossum, Victoria and Chiang, David},
    title     = {Decoding with Large-Scale Neural Language Models Improves Translation},
    booktitle = {EMNLP},
    pages     = {1387-1392},
    year      = {2013}
}

@INPROCEEDINGS{Irie:2015,
    author    = {Irie, Kazuki and Schl{\"u}ter, Ralf and Ney, Hermann},
    title     = {Bag-of-Words Input for Long History Representation in Neural Network-Based Language Models for Speech Recognition},
    booktitle = {Proceedings of Interspeech},
    year      = {2015}
}

@INPROCEEDINGS{Masumura:2015,
    author    = {Masumura, Ryo and Asami, Taichi and Oba, Takanobu and Masataki, Hirokazu and Sakauchi, Sumitaka and Ito, Akinori},
    title     = {Latent Words Recurrent Neural Network Language Models},
    booktitle = {Proceedings of Interspeech},
    year      = {2015}
}

%============================
% ASR 
%============================

@article{McCulloch:1943,
    author    = {McCulloch, Warren S. and Pitts, Walter},
    title     = {A logical calculus of the ideas immanent in nervous activity},
    journal   = {The bulletin of mathematical biophysics},
    publisher = {Kluwer Academic Publishers},
    volume    = {5},
    number    = {4},
    pages     = {115-133},
    year      = {1943}
}

@article{Dreyfus:1950,
    author  = {Dreyfus-Graf, Jean},
    title   = {Sonograph and Sound Mechanics},
    journal = {The Journal of the Acoustical Society of America},
    volume  = {22},
    number  = {6}, 
    pages   = {731-739},
    year    = {1950}
}

@article{Davis:1952,
    author  = {Davis, K. H. and Biddulph, R. and Balashek, S.},
    title   = {Automatic Recognition of Spoken Digits},
    journal = {The Journal of the Acoustical Society of America},
    volume  = {24},
    number  = {6},
    pages   = {637-642},
    year    = {1952}
}

@article{Dudley:1958,
   author  = {Dudley, Homer and Balashek, S.},
   title   = {Automatic Recognition of Phonetic Patterns in Speech},
   journal = {The Journal of the Acoustical Society of America},
   volume  = {30},
   number  = {8},
   pages   = {721-732},
   year    = {1958}
}

@article{Denes:1959,
    author  = {Denes, P.},
    title   = {The Design and Operation of the Mechanical Speech Recognizer},
    journal = {Journal of the British Institution of Radio Engineers},
    number  = {4},
    volume  = {19},
    pages   = {219-234},
    year    = {1959}
}

@article{Forgie:1959,
    author  = {Forgie, J.~W.},
    title   = {Results Obtained from a Vowel Recognition Computer Program},
    journal = {The Journal of the Acoustical Society of America},
    volume  = {31},
    pages   = {1480-1489},
    year    = {1959}
}

@article{Denes:1960, 
    author  = {Denes, P. and Mathews, M. V.}, 
    title   = {Spoken digit recognition using time-frequency pattern matching}, 
    journal = {The Journal of the Acoustical Society of America}, 
    volume  = {32}, 
    number  = {11}, 
    pages   = {1450-1455}, 
    year    = {1960} 
}

@article{Fatehchand:1960,
    author  = {Fatehchand, Richard},
    title   = {Machine recognition of spoken words},
    journal = {Advances in Computers},
    volume  = {1},
    pages   = {193-229},
    year    = {1960}
}

@article{Lindgren:1965,
    author    = {Lindgren, Nilo},
    title     = {Machine Recognition of Human Language Part I. Automatic Speech Recognition},
    journal   = {IEEE Spectrum},
    publisher = {IEEE Press},
    volume    = {2},
    number    = {3},
    pages     = {114-136},
    year      = {1965}
}

@article{Baum:1966,
    author  = {Baum, L. E. and Petrie, T.},
    title   = {Statistical inference for probabilistic functions of finite state {Markov} chains},
    journal = {Annals of Mathematical Statistics},
    volume  = {37},
    pages   = {1554-1563},
    year    = {1966}
}

@article{Reddy:1966,
    author  = {Reddy, Dabbala Raj},
    title   = {Approach to computer speech recognition by direct analysis of the speech wave},
    journal = {The Journal of the Acoustical Society of America},
    volume  = {40},
    number  = {5},
    year    = {1966}
}

@article{Baum:1967,
    author  = {Baum, L. E. and Eagon, J. A.},
    title   = {An inequality with applications to statistical estimation for probabilistic functions of {Markov} processes and to a model for ecology},
    journal = {Bulletin of the American Mathematical Society},
    volume  = {73},
    pages   = {360-363},
    year    = {1967}
}

@article{Viterbi:1967,
    author  = {Viterbi, Andrew},
    title   = {Error Bounds for Convolutional Codes and an Asymptotically Optimum Decoding Algorithm},
    journal = {IEEE Transactions on Information Theory},
    volume  = {13},
    number  = {2},
    pages   = {260-269},
    year    = {1967}
}

@article{Alter:1968,
    author  = {Alter, Ralph},
    title   = {Utilization of Contextual Constraints in Automatic Speech Recognition}, 
    journal = {IEEE Transactions on Audio and Electroacoustics},
    volume  = {16}, 
    number  = {1}, 
    pages   = {6-11}, 
    year    = {1968}
}

@article{Wagner:1974,
    author  = {Wagner, Robert A. and Fischer, Michael J.},
    title   = {The String-to-String Correction Problem},
    journal = {Journal of the ACM},
    volume  = {21},
    number  = {1},
    pages   = {168-173},
    year    = {1974}
} 

@article{Baker:1975,
  author  = {Baker, James K.},
  title   = {The DRAGON System - An Overview},
  journal = {IEEE Transactions on Acoustics, Speech and Signal Processing},
  volume  = {23},
  number  = {1},
  pages   = {24-29},
  year    = {1975}
}

@article{Jelinek:1975,
  author  = {Jelinek, F. and Bahl, L. R. and Mercer, R. L.},
  title   = {Design of a linguistic statistical decoder for the recognition of continuous speech},
  journal = {IEEE Transactions on Information Theory},
  volume  = {21},
  number  = {3},
  pages   = {250-256},
  year    = {1975}
}

@phdthesis{Lowerre:1976, 
    author = {Lowerre, B. T.}, 
    title  = {The {HARPY} speech recognition system},
    school = {Carnegie Mellon University}, 
    type   = {Th\`{e}se en informatique},
    year   = {1976}
} 

@article{Medress:1976,
    author  = {Medress, M.},
    title   = {Speech Understanding Systems: Report of a Steering Committee},
    journal = {SIGART Newsletter},
    number  = {62},
    pages   = {4-8},
    year    = {1976}
}

@article{Lesser:1977,
    author  = {Lesser, V. R. and Erman, L. D.},
    title   = {A Retrospective View of the {HEARSAY-II} Architecture},
    journal = {Proceedings of the Fifth International Joint Conference on Artificial Intelligence},
    pages   = {790-800},
    year    = {1977}
}

@article{Wolf:1977,
    author  = {Wolf, J. J. and Woods, W. A.},
    title   = {The {HWIM} speech understanding system},
    journal = {Proceedings of the IEEE International Conference on Acoustics, Speech and Signal Processing (ICASSP)},
    volume  = {2},
    pages   = {784-787},
    year    = {1977}
}

@article{Rabiner:1979,
    author  = {Rabiner, L. and Levinson, S. and Rosenberg, A. and Wilpon, J. G.},
    title   = {Speaker independent recognition of isolated words using clustering techniques},
    journal = {Proceedings of the IEEE International Conference on Acoustics, Speech and Signal Processing (ICASSP)},
    volume  = {4},
    pages   = {574-577},
    year    = {1979}
}

@article{Bahl:1983,
  author  = {Bahl, Lalit R. and Jelinek, Frederick and Mercer, Robert L.},
  title   = {A Maximum Likelihood Approach to Continuous Speech Recognition.},
  journal = {IEEE Transactions on Pattern Analysis and Machine Intelligence},
  volume  = {5},
  number  = {2},
  pages   = {179-190},
  year    = {1983}
}

@INPROCEEDINGS{Jelinek:1985,
    author    = {Jelinek, Frederick},
    title     = {The Development of an Experimental Discrete Dictation Recognizer},
    booktitle = {Proceedings of the IEEE},
    volume    = {73},
    number    = {11},
    pages     = {1616-1624},
    year      = {1985}
}

@article{Furui:1986,
    author  = {Furui, Sadaoki},
    title   = {Speaker-independent isolated word recognition using dynamic features of speech spectrum},
    journal = {IEEE Transactions on Acoustics, Speech and Signal Processing},
    volume  = {34},
    number  = {1},
    pages   = {52-59},
    year    = {1986}
}


@INPROCEEDINGS{Chow:1987,
    author    = {Chow, Y. and Dunham, M. and Kimball, O. and Krasner, M. and Kubala, G. and Makhoul, J. and Price, P. and Roucos, S. and Schwartz, R.},
    title     = {{BYBLOS}: The {BBN} continuous speech recognition system},
    booktitle = {Proceedings of the IEEE International Conference on Acoustics, Speech and Signal Processing (ICASSP)},
    volume    = {12},
    pages     = {89-92},
    year      = {1987}
}

@article{Lippmann:1987,
    author  = {Lippmann, Richard P.},
    title   = {An Introduction to Computing with Neural Nets},
    journal = {IEEE ASSP Magazine},
    volume  = {4},
    number  = {2},
    pages   = {4-22},
    year    = {1987}
}

@INPROCEEDINGS{Weintraub:1989,
    author    = {Weintraub, M. and Murveit, H. and Cohen, M. and Price, P. and Bernstein, J. and Baldwin, G. and Bell, D.},
    title     = {Linguistic constraints in hidden {Markov} model based speech recognition},
    booktitle = {Proceedings of the IEEE International Conference on Acoustics, Speech and Signal Processing (ICASSP)},
    volume    = {2},
    pages     = {699-702},
    year      = {1989}
}

@INPROCEEDINGS{Paul:1989,
    author    = {Paul, D. B.},
    title     = {The {Lincoln} robust continuous speech recognizer},
    booktitle = {Proceedings of the IEEE International Conference on Acoustics, Speech and Signal Processing (ICASSP)},
    volume    = {1},
    pages     = {449-452},
    year      = {1989}
}

@INPROCEEDINGS{Zue:1989,
    author    = {Zue, Victor and Glass, James and Phillips, Michael and Seneff, Stephanie},
    title     = {The {MIT SUMMIT} Speech Recognition System: A Progress Report},
    booktitle = {Proceedings of the Workshop on Speech and Natural Language},
    publisher = {Association for Computational Linguistics},
    pages     = {179-189},
    year      = {1989}
}

@article{Waibel:1989,
    author    = {Waibel, A. and Hanazawa, T. and Hinton, G. and Shikano, K. and Lang, K. J.},
    title     = {Phoneme recognition using time-delay neural networks},
    journal   = {IEEE Transactions on Acoustics, Speech and Signal Processing},
    publisher = {IEEE},
    volume    = {37},
    number    = {3},
    pages     = {328-339},
    year      = {1989}
}

@INPROCEEDINGS{Rabiner:1989,
    author    = {Rabiner, L.},
    title     = {A tutorial on hidden {Markov} models and selected applications in speech recognition},
    booktitle = {Proceedings of the IEEE},
    volume    = {77},
    pages     = {257-286},
    year      = {1989}
}

@INPROCEEDINGS{Gillick:1989,
    author    = {Gillick, L. and Cox, S},
    title     = {Some statistical issues in the comparison of speech recognition algorithms},
    booktitle = {Proceedings of the IEEE International Conference on Acoustics, Speech and Signal Processing (ICASSP)},
    pages     = {532-535},
    year      = {1989}
}

@article{Picone:1990,
    author  = {Picone, Joseph},
    title   = {Continuous speech recognition using hidden {Markov} models},
    journal = {IEEE ASSP Magazine},
    volume  = {7},
    number  = {3},
    pages   = {26-41},
    year    = {1990}
}

@INPROCEEDINGS{Jelinek:1990,
    author    = {Jelinek, F. and Merialdo, B. and Roukos, S. and Strauss I, M. },
    title     = {Self-organized language modeling for speech recognition},
    booktitle = {Readings in Speech Recognition},
    publisher = {Morgan Kaufmann},
    pages     = {450-506},
    year      = {1990}
}

@article{LeeCH:1990,
    author  = {Lee, C. H. and Rabiner, L. R. and Pieraccini, R. and Wilpon, J. G.},
    title   = {Acoustic modeling for large vocabulary speech recognition},
    journal = {Computer Speech and Language},
    volume  = {4},
    number  = {2},  
    pages   = {127-165},
    year    = {1990}
}

@article{LeeKF:1990,
    author  = {Lee, K. F. and Hon, H. W. and Reddy, R.},
    title   = {An overview of the {SPHINX} speech recognition system},
    journal = {IEEE Transactions on Acoustics, Speech and Signal Processing},
    volume  = {38},
    number  = {1},  
    pages   = {35-45},
    year    = {1990}
}

@INPROCEEDINGS{Young:1992,
    author    = {Young, S. J.},
    title     = {The general use of tying in phoneme-based {HMM} speech recognisers},
    booktitle = {Proceedings of the IEEE International Conference on Acoustics, Speech and Signal Processing (ICASSP)},
    volume    = {1},
    pages     = {569-572},
    year      = {1992}
}

@book{Rabiner:1993,
    author    = {Rabiner, Lawrence and Juang, Biing-Hwang},
    title     = {Fundamentals of Speech Recognition},
    publisher = {Prentice-Hall, Inc.},
    year      = {1993}
} 

@article{Leggetter:1995,
    author  = {Leggetter, C. J.},
    title   = {Maximum likelihood linear regression for speaker adaptation of continuous density hidden {Markov} models},
    journal = {Computer Speech and Language},
    volume  = {9},
    number  = {2},  
    pages   = {171-185},
    year    = {1995}
}

@article{Sankar:1996, 
    author  = {Sankar, A. and Lee, C. H.}, 
    title   = {A maximum likelihood approach to stochastic matching for Robust Speech recognition}, 
    journal = {IEEE Transactions on Speech and Audio Processing}, 
    volume  = {4}, 
    number  = {3}, 
    pages   = {190-202},
    year    = {1996}
}

@article{Lippmann:1997, 
    author  = {Lippmann, Richard P.},
    title   = {Speech recognition by machines and humans}, 
    journal = {Speech Communication}, 
    volume  = {22}, 
    number  = {1}, 
    pages   = {1-15}, 
    year    = {1997}
}

@INPROCEEDINGS{Witschel:1998, 
    author    = {Witschel, Petra},
    title     = {Optimized {POS}-based language models for large vocabulary speech recognition}, 
    booktitle = {Proceedings of the 5th International Conference on Spoken Language Processing}, 
    year      = {1998}
}

@INPROCEEDINGS{Juang:2000,
    author    = {Juang, B. H. and Furui, S.},
    title     = {Automatic speech recognition and understanding: A first step toward natural human machine communication},
    booktitle = {Proceedings of the IEEE},
    volume    = {88},
    number    = {8},
    pages     = {1142-1165},
    year      = {2000}
}


@INPROCEEDINGS{Maltesse:2001, 
    author    = {Maltese, Giulio and Bravetti, P. and Cr\'{e}py, H. and Grainger, B. J. and Herzog, M. and Palou, Francisco},
    title     = {Combining word- and class-based language models: A comparative study in several languages using automatic and manual word-clustering techniques}, 
    booktitle = {Proceedings of Interspeech},
    pages     = {21-24}, 
    year      = {2001}
}

@book{Katagiri:2003,
    author    = {Katagiri, Shigeru},
    title     = {Pattern Recognition in Speech and Language Processing},
    publisher = {CRC Press 2003},
    editor    = {Wu Chou and Biing Hwang Juang},
    year      = {2003}
}

@article{Juang:2004,
    author  = {Juang, B. H. and Rabiner, L. R.},
    title   = {Automatic speech recognition - A brief history of the technology development},
    journal = {Elsevier Encyclopedia of Language and Linguistics},
    year    = {2004}
}

@article{Furui:2005,
    author  = {Furui, Sadaoki},
    title   = {50 years of progress in speech and speaker recognition research},
    journal = {ECTI Transactions on Computer and Information Technology},
    volume  = {1},
    number  = {2},
    pages   = {64-74},
    year    = {2005}
}

@INPROCEEDINGS{Gauvain:2005, 
    author    = {Gauvain, J. L. and Adda, G. and Adda-Decker, M. and Allauzen, A. and Gendner, V. and Lamel, L. and Schwenk, H.}, 
    title     = {Where Are We In Transcribing {French} Broadcast News?},
    booktitle = {Proceedings of Interspeech},
    pages     = {1665-1668}, 
    year      = {2005}
}


@article{Hinton:2006,
    author  = {Hinton, G. E. and Osindero, S.},
    title   = {A fast learning algorithm for deep belief nets},
    journal = {Neural Computation},
    volume  = {18},
    number  = {7},
    pages   = {1527-1554},
    year    = {2006}
}

@book{Haton:2006,
    author    = {Haton, J.-P. and Cerisara, C. and Fohr, D. and Laprie, Y. and Smaili, K.},
    title     = {Reconnaissance Automatique de la Parole. {Du} signal a son interpretation},
    publisher = {Dunod},
    year      = {2006}
}

@article{Siivola:2007, 
    author  = {Siivola, V. and Hirsim\"{a}ki, T. and Virpioja, S.}, 
    title   = {On growing and pruning {Kneser-Ney} smoothed N-gram models},
    journal = {IEEE Transactions on Audio, Speech \& Language Processing},
    volume  = {15},
    number  = {5},
    pages   = {1617-1624}, 
    year    = {2007}
} 

@INPROCEEDINGS{Hsu:2007, 
    author    = {Hsu, Bo-June}, 
    title     = {Generalized linear interpolation of language models},
    booktitle = {IEEE workshop on Automatic Speech Recognition and Understanding (ASRU)},
    pages     = {136-140}, 
    year      = {2007}
}

@INPROCEEDINGS{Segal:2008,
    author    = {Segal, Natalia and Martin, Philippe and Bartkova, Katarina},
    title     = {Prosodic trees for boundary detection in {ASR} in {French}}, 
    booktitle = {Speech Prosody},
    year      = {2008}
}

@INPROCEEDINGS{Deleglise:2009, 
    author    = {Del\'{e}glise, P. and Est\`{e}ve, Y. and Meignier, S. and Merlin, T.}, 
    title     = {Improvements to the {LIUM French ASR} system based on {CMU} sphinx: what helps to significantly reduce the word error rate?}, 
    booktitle = {Proceedings of Interspeech}, 
    pages     = {2123-2126}, 
    year      = {2009}
}

@INPROCEEDINGS{Lopes:2011, 
    author    = {Lopes, Carla and Perdigao, Fernando}, 
    title     = {Phoneme Recognition on the {TIMIT} Database}, 
    booktitle = {Speech Technologies}, 
    year      = {2011}
}

@INPROCEEDINGS{Dufour:2011, 
    author    = {Dufour, R. and Damnati, G. and Charlet, D.}, 
    title     = {Automatic error region detection and characterization in {LVCSR} transcriptions of TV news shows}, 
    booktitle = {Proceedings of the IEEE International Conference on Acoustics, Speech and Signal Processing (ICASSP)}, 
    year      = {2012}
}

@INPROCEEDINGS{Ngiam:2011,
    author    = {Ngiam, Jiquan and Khosla, Aditya and Kim, Mingyu and Nam, Juhan and Lee, Honglak and Ng, Andrew Y.},
    title     = {Multimodal deep learning},
    booktitle = {Proceedings of the 28th International Conference on Machine Learning (ICML)},
    pages     = {689-696},
    year      = {2011}
}

@INPROCEEDINGS{Dahl:2012,
    author    = {Dahl, G. E. and Yu, D. and Deng, L. and Acero, A.},
    title     = {Context-Dependent Pre-trained Deep Neural Networks for Large Vocabulary Speech Recognition},
    booktitle = {IEEE Transactions on Audio, Speech and Language Processing},
    year      = {2012}
}

@article{Hinton:2012,
    author = {Hinton, Geoffrey and Deng, Li  and Yu, Dong and Dahl, George and Mohamed, Abdel-rahman and Jaitly, Navdeep and Senior, Andrew and Vanhoucke, Vincent and Nguyen, Patrick and Sainath, Tara and Kingsbury, Brian},
    title     = {Deep Neural Networks for Acoustic Modeling in Speech Recognition},
    journal = {Signal Processing Magazine}, 
    year    = {2012,}
}

@article{Arora:2012,
    author  = {Arora, Shipra J. and Singh, Rishi Pal},
    title   = {Automatic Speech Recognition: A Review},
    journal = {International Journal of Computer Applications},
    volume  = {60},
    number  = {9},
    pages   = {34-44},
    year    = {2012}
}

@article{Regenbogen:2012,
    author  = {Regenbogen, Christina and Schneider, Daniel A. and Gur, Raquel E. and Schneider, Frank  and Habel, Ute and Kellermann, Thilo},
    title   = {Multimodal human communication - Targeting facial expressions, speech content and prosody},
    journal = {NeuroImage},
    volume  = {60},
    number  = {4},
    pages   = {2346--2356},
    year    = {2012}
}

@INPROCEEDINGS{Read:2012,
    author    = {Read, Jonathon and Dridan, Rebecca and Oepen, Stephan and Solberg, J{\o}rgen Lars},
    title     = {Sentence Boundary Detection: A Long Solved Problem?},
    booktitle = {Proceedings of COLING},
    pages     = {985--994},
    year      = {2012}
}

@article{Tu:2012,
    author  = {Tu, Chiu{-}Chuan and Juang, Chia{-}Feng },
    title   = {Recurrent type-2 fuzzy neural network using Haar wavelet energy and entropy features for speech detection in noisy environments},
    journal = {Expert systems with applications},
    volume  = {39},
    number  = {3},
    pages   = {2479--2488},
    year    = {2012}
}

@INPROCEEDINGS{Galatas:2012,
    author    = {Galatas, Georgios and Potamianos, Gerasimos and Makedon, Fillia},
    title     = {Audio-visual speech recognition incorporating facial depth information captured by the {Kinect}},
    booktitle = {Proceedings of the 20th European Signal Processing Conference (EUSIPCO)},
    pages     = {2714-2717},
    year      = {2012}
} 

@article{Kumatani:2012,
    author  = {Kumatani, Ken'ichi and McDonough, John W. and Raj, Bhiksha},
    title   = {Microphone Array Processing for Distant Speech Recognition: From Close-Talking Microphones to Far-Field Sensors},
    journal = {IEEE Signal Processing Magazine},
    volume  = {29},
    number  = {6},
    pages   = {127-140},
    year    = {2012}
}

@incollection{Markowitz:2013,
    author    = {Markowitz, Judith A.},
    title     = {Beyond {SIRI}: Exploring Spoken Language in Warehouse Operations, Offender Monitoring and Robotics},
    booktitle = {Mobile Speech and Advanced Natural Language Solutions},
    editor    = {Neustein, Amy and Markowitz, Judith A.},
    publisher = {Springer New York},
    pages     = {3-21},
    year      = {2013}
}

@INPROCEEDINGS{Aman:2013,
    author    = {Aman, Fr\'ed\'eric and Vacher, Michel and Rossato, Solange and Portet, Fran{\c c}ois},
    title     = {Speech Recognition of Aged Voices in the {AAL} Context: Detection of Distress Sentences},
    booktitle = {The 7th International Conference on Speech Technology and Human-Computer Dialogue (SpeD)},
    pages     = {177-184},
    year      = {2013}
}

@INPROCEEDINGS{Swietojanski:2013,
    author    = {Swietojanski, P. and Ghoshal, A. and Renals, S.}, 
    title     = {Hybrid acoustic models for distant and multichannel large vocabulary speech recognition},
    booktitle = {IEEE Workshop on Automatic Speech Recognition and Understanding (ASRU)},
    pages     = {285-290},
    year      = {2013}
}


@INPROCEEDINGS{Brutti:2014,
    author    = {Brutti, A. and Ravanelli, M.  and Svaizer, P.  and Omologo, M.}, 
    title     = {A speech event detection and localization task for multiroom environments},
    booktitle = {Workshop on Hands-free Speech Communication and Microphone Arrays (HSCMA)},
    pages     = {157-161},
    year      = {2014}
}

@INPROCEEDINGS{Vacher:2014,
    author    = {Vacher, Michel and Lecouteux, Benjamin and Portet, Fran{\c c}ois},
    title     = {Multichannel Automatic Recognition of Voice Command in a Multi-Room Smart Home : an Experiment involving Seniors and Users with Visual Impairment}, 
    booktitle = {Proceedings of Interspeech},
    pages     = {1008-1012},
    year      = {2014}
}

@article{Jothilakshmi:2014,
    author    = {Jothilakshmi, S.},
    title     = {Spoken keyword detection using autoassociative neural networks},
    journal   = {International Journal of Speech Technology},
    volume    = {17},
    number    = {1},
    publisher = {Springer US},
    pages     = {83-89},
    year      = {2014}
}

@article{Wolf:2014,
    author  = {Wolf, Martin and Nadeu, Climent},
    title   = {Channel Selection Measures for Multi-Microphone Speech Recognition},
    journal = {Speech Communication},
    volume  = {57},
    pages   = {170-180},
    year    = {2013}
}

@INPROCEEDINGS{Sak:2014,
  author    = {Sak, Hasim and Senior, Andrew W. and Beaufays, Fran{\c{c}}oise},
  title       = {Long short-term memory recurrent neural network architectures for large scale acoustic modeling},
  booktitle = {Proceedings of Interspeech},
  pages     = {338--342},
  year      = {2014}
}

@INPROCEEDINGS{Vincent:2015,
    author   = {Vincent, Emmanuel and Sini, Aghilas and Charpillet, Fran{\c{c}}ois},
    title       = {Audio source localization by optimal control of a mobile robot},
    booktitle = {Proceedings of the IEEE International Conference on Acoustics, Speech and Signal Processing (ICASSP)},
    year      = {2015}
}

%=================================
% Syllables and word sub-units 
%=================================

@INPROCEEDINGS{Merialdo:1987,
    author    = {M\'{e}rialdo, Bernard},
    title     = {Speech recognition with very large size dictionary},
    booktitle = {Proceedings of the IEEE International Conference on Acoustics, Speech and Signal Processing (ICASSP)},
    pages     = {364-367},
    year      = {1987}
}

@INPROCEEDINGS{Danon:1989,
    author    = {Cerf-Danon, Helene and Derouault, Anne-Marie and Elbeze, M. and M\'{e}rialdo, Bernard},
    title     = {Speech recognition in {French} with a very large dictionary},
    booktitle = {Proceedings of Eurospeech},
    pages     = {2150-2153},
    year      = {1989}
}

@INPROCEEDINGS{Yan:1995,
    author    = {Yan, Yonghong and Barnard, Etienne},
    title     = {An approach to automatic language identification based on language-dependent phone recognition},
    booktitle = {Proceedings of the IEEE International Conference on Acoustics, Speech and Signal Processing (ICASSP)},
    pages     = {3511-3514},
    year      = {1995}
}

@book{Ladefoged:1996,
    title     = {{The Sounds of the World's Languages}},
    author    = {Ladefoged, Peter and Maddieson, Ian},
    publisher = {Wiley-Blackwell},
    year      = {1996}
}

@INPROCEEDINGS{Wu:1998,
    author    = {Wu, S.-L. and Kingsbury, B. and Morgan, N. and Greenberg, S.}, 
    title     = {Incorporating Information From Syllable-Length Time Scales Into Automatic Speech Recognition}, 
    booktitle = {Proceedings of the IEEE International Conference on Acoustics, Speech and Signal Processing (ICASSP)},
    pages     = {721-724}, 
    year      = {1998}
}

@article{Ganapathiraju:2001, 
    author  = {Ganapathiraju, A. and Hamaker, J. and Picone, J. and Ordowski, M. and Doddington, G.R.}, 
    title   = {Syllable-based large vocabulary continuous speech recognition}, 
    journal = {IEEE Transactions on Speech and Audio Processing}, 
    volume  = {9}, 
    number  = {4}, 
    pages   = {358-366},
    year    = {2001}
}

@inproceedings{Jin:2002,
    author    = {Jin, Qin and Schultz, Tanja and Waibel, Alex},
    title     = {Phonetic speaker identification},
    booktitle = {Proceedings of Interspeech},
    year      = {2002}
}


@INPROCEEDINGS{Zhang:2002,
    author    = {Zhang, Li and Edmondson, William H.}, 
    title     = {Speech Recognition Using Syllable Patterns}, 
    booktitle = {Spoken Language Processing},
    year      = {2002} 
}

@INPROCEEDINGS{Yu:2004,
    author    = {Yu, Peng and Seide, Frank},
    title     = {A hybrid word/phoneme-based approach for improved vocabulary-independent search in spontaneous speech},
    booktitle = {Proceedings of Interspeech},
    pages     = {293-296},
    year      = {2004}
}

@INPROCEEDINGS{Yazgan:2004,
    author    = {Yazgan, Ali and Saraclar, Murat},
    title     = {Hybrid language models for out of vocabulary word detection in large vocabulary conversational speech recognition},
    booktitle = {Proceedings of the IEEE International Conference on Acoustics, Speech and Signal Processing (ICASSP)},
    pages     = {745-748},
    year      = {2004}
}

@INPROCEEDINGS{Hamalainen:2005,
    author    = {H\"{a}m\"{a}l\"{a}inen, A. and Boves, L. and de Veth, J.}, 
    title     = {Syllable-Length Acoustic Units in Large-Vocabulary Continuous Speech Recognition},
    booktitle = {Proceedings of SPECOM}, 
    pages     = {499-502},
    year      = {2005} 
}

@INPROCEEDINGS{Bisani:2005,
    author    = {Bisani, Maximilian and Ney, Hermann},
    title     = {Open vocabulary speech recognition with flat hybrid models},
    booktitle = {Proceedings of Interspeech},
    pages     = {725-728},
    year      = {2005}
}

@INPROCEEDINGS{Blouch:2006,
    author    = {Le Blouch, O. and Collen, P.}, 
    title     = {Reconnaissance automatique de phonemes guide par les syllables},
    booktitle = {Journ\'{e}es d'Etude de la parole}, 
    year      = {2006} 
}

@INPROCEEDINGS{Szoke:2008,
    author    = {Szöke, Igor and Burget, Lukás and Cernocký, Jan and Fapso, Michal},
    title     = {Sub-word modeling of out of vocabulary words in spoken term detection},
    booktitle = {Spoken Language Technology Workshop (SLT)},
    publisher = {IEEE},
    editor    = {Das, Amitava and Bangalore, Srinivas},
    pages     = {273-276},
    year      = {2008}
}

@INPROCEEDINGS{Le:2008,
    author    = {Le, V.-B. and  Seng, S. and Besacier, L. and Bigi, B.}, 
    title     = {Word/sub-word lattices decomposition and combination for speech recognition},
    booktitle = {Proceedings of the IEEE International Conference on Acoustics, Speech and Signal Processing (ICASSP)}, 
    pages     = {4321-4324},
    year      = {2008} 
}

@INPROCEEDINGS{Bartlett:2009,
    author    = {Bartlett, Susan and Kondrak, Grzegorz and Cherry, Colin},
    title     = {On the Syllabification of Phonemes},
    booktitle = {Proceedings of Human Language Technologies: The 2009 Annual Conference of the North American Chapter of the Association for Computational Linguistics},
    publisher = {Association for Computational Linguistics},
    pages     = {308-316},
    year      = {2009}
}

@INPROCEEDINGS{Rastrow:2009_1, 
    author    = {Rastrow, Ariya and Sethy, Abhinav and Ramabhadran, Bhuvana and Jelinek, Frederick}, 
    title     = {Towards using hybrid word and fragment units for vocabulary independent {LVCSR} systems}, 
    booktitle = {Proceedings of Interspeech},
    pages     = {1931-1934}, 
    year      = {2009}
}

@INPROCEEDINGS{Rastrow:2009_2,
  author    = {Rastrow, Ariya and Sethy, Abhinav and Ramabhadran, Bhuvana},
  title     = {A new method for {OOV} detection using hybrid word/fragment system},
  booktitle = {Proceedings of the IEEE International Conference on Acoustics, Speech and Signal Processing (ICASSP)},
  publisher = {IEEE},
  pages     = {3953-3956},
  year      = 2009
}

@INPROCEEDINGS{Bigi:2010,
    author    = {Bigi, B. and Meunier, C. and Bertrand, R. and Nesterenko, I.}, 
    title     = {Annotation automatique en syllabes d'un dialogue oral spontan\'{e}}, 
    booktitle = {Journ\'{e}es d'\'{E}tude sur la Parole (JEP)}, 
    pages     = {1-4}, 
    year      = {2010}
}

@INPROCEEDINGS{Shaik:2011_2,
    author    = {Shaik, M. A. B. and Mousa, A. E.-D. and Schlüter, R. and Ney, H.},
    title     = {Hybrid Language Models Using Mixed Types of Sub-Lexical Units for Open Vocabulary {German LVCSR}},
    booktitle = {Proceedings of Interspeech},
    pages     = {1441-1444},
    year      = {2011}
}

@INPROCEEDINGS{Shaik:2011_1,
    author    = {Shaik, M. Ali Basha and Mousa, Amr El-Desoky and Schlüter, Ralf and Ney, Hermann},
    title     = {Using morpheme and syllable based sub-words for {Polish LVCSR}},
    booktitle = {Proceedings of the IEEE International Conference on Acoustics, Speech and Signal Processing (ICASSP)},
    publisher = {IEEE},
    pages     = {4680-4683},
    year      = {2011}
}

@INPROCEEDINGS{Mousa:2011,
    author    = {Mousa, A. E.-D.  and Shaik, Mahaboob Ali Basha and Schl\\"uter, Ralf and Ney, Hermann},	
    title     = {Morpheme Based Factored Language Models for {German LVCSR}},	
    booktitle = {Proceedings of Interspeech},	
    pages     = {1445-1448},	
    year      = {2011}
}

@INPROCEEDINGS{Tachbelie:2012,
    author    = {Tachbelie, M.Y. and Abate, S.T. and Besacier, L. and Rossato, S.},
    title     = {Syllable-based and hybrid acoustic models for {Amharic} speech recognition},
    booktitle = {Workshop on Spoken Language Technologies for Under-Resourced Languages (SLTU)},
    pages     = {5-10},
    year      = {2012}
}

@INPROCEEDINGS{Hamid:2012,
  author    = {Abdel{-}Hamid, Ossama and Mohamed, Abdel{-}rahman and Jiang, Hui and Penn, Gerald},
  title     = {Applying Convolutional Neural Networks concepts to hybrid {NN-HMM} model for speech recognition},
  booktitle = {Proceedings of the IEEE International Conference on Acoustics, Speech and Signal Processing (ICASSP)},
  pages     = {4277-4280},
  year      = {2012}
}

@article{Tachbelie:2014,
    author  = {Tachbelie, Martha Yifiru and Abate, S.T. and Menzel, W.},
    title   = {Using morphemes in language modeling and automatic speech recognition of {Amharic}},
    journal = {Natural Language Engineering},
    pages   = {235-259},
    year    = {2014}
}

@inproceedings{Xue:2014,
  author    = {Xue, Shaofei and Abdel{-}Hamid, Ossama and Jiang, Hui and Dai, Li{-}Rong},
  title     = {Direct adaptation of hybrid {DNN/HMM} model for fast speaker adaptation in {LVCSR} based on speaker code},
  booktitle = {Proceedings of the IEEE International Conference on Acoustics, Speech and Signal Processing (ICASSP)},
  pages     = {6339-6343},
  year      = {2014}
}

%=================================
% Add unknown words
%=================================

@INPROCEEDINGS{Asadi:1991,
    author    = {Asadi, A. and Schwartz, R. and Makhoul, J.},
    title     = {Automatic modeling for adding new words to a large-vocabulary continuous speech recognition system},
    booktitle = {Proceedings of the IEEE International Conference on Acoustics, Speech and Signal Processing (ICASSP)},
    volume    = {1},
    pages     = {305-308},
    year      = {1991}
}

@article{Brown:1992,
    author  = {Brown, Peter F. and deSouza, Peter V. and Mercer, Robert L.  and Della Pietra, Vincent J. and Lai, Jenifer C. },
    title   = {Class-Based n-gram Models of Natural Language},
    journal = {Computational Linguistics},
    volume  = {18},
    pages   = {467-479},
    year    = {1992}
}

@INPROCEEDINGS{Suhm:1994,
    author    = {Suhm, Bernhard and Waibel, Alex},
    title     = {Towards better language models for spontaneous speech},
    booktitle = {The 3rd International Conference on Spoken Language Processing (ICSLP)},
    publisher = {ISCA},
    year      = {1994}
}

@article{Young:1996,
    author    = {Young, Steve},
    title     = {A review of large-vocabulary continuous-speech},
    journal   = {Signal Processing Magazine, IEEE},
    publisher = {IEEE},
    volume    = {13},
    number    = {5},
    pages     = {45-57},
    year      = {1996}
}

@INPROCEEDINGS{Dagan:1999,
    author    = {Dagan, Ido and  Lee, Lillian and Pereira, Fernando C. N.},
    title     = {Similarity-Based Models of Word Cooccurrence Probabilities},
    booktitle = {Machine Learning},
    volume    = {34},
    number    = {1-3},
    pages     = {43-69},
    year      = {1999}
}

@incollection{DeMori:1999,
    author    = {DeMori, Renato and Federico, Marcello},
    title     = {Language Model Adaptation},
    booktitle = {Computational Models of Speech Pattern Processing},
    publisher = {Springer Berlin Heidelberg},
    volume    = {169},
    pages     = {280-303},
    year      = {1999},
}

@INPROCEEDINGS{Woodland:2000,
   author    = {Woodland, P. C. and Johnson, S. E. and Jourlin, P. and Jones, K. Sp\"{a}rck},
   title     = {Effects of out of vocabulary words in spoken document retrieval},
   booktitle = {Proceedings of the 23rd Annual International ACM SIGIR Conference on Research and Development in Information Retrieval},
   publisher = {ACM},
   pages     = {372-374},
   year      = {2000}
}

@article{Keller:2003,
    author  = {Keller, Frank and Lapata, Mirella},
    title   = {Using the Web to Obtain Frequencies for Unseen Bigrams},
    journal = {Computational Linguistics},
    volume  = {29},
    number  = {3},
    pages   = {459-484},
    year    = {2003}
}

@article{Bellegarda:2004,
    author  = {Bellegarda, Jerome R.},
    title   = {Statistical language model adaptation: review and perspectives},
    journal = {Speech Communication},
    volume  = {42},
    pages   = {93-108},
    year    = {2004}
}

@INPROCEEDINGS{Allauzen:2005,
    author    = {Allauzen, Alexandre and Gauvain, Jean-Luc},
    title     = {Open Vocabulary {ASR} for Audiovisual Document Indexation},
    booktitle = {Proceedings of the IEEE International Conference on Acoustics, Speech and Signal Processing (ICASSP)},
    pages     = {1013-1016},
    year      = {2005}
}

@article{Zitouni:2007,
    author  = {Zitouni, Imed},
    title   = {Backoff hierarchical class n-gram language models: effectiveness to model unseen events in speech recognition},
    journal = {Computer Speech \& Language},
    volume  = {21},
    number  = {1},
    pages   = {88-104},
    year    = {2007}
}

@INPROCEEDINGS{Ketabdar:2007,
    author    = {Ketabdar, Hamed and Hannemann, Mirko and Hermansky, Hynek},
    title     = {Detection of out-of-vocabulary words in posterior based {ASR}},
    booktitle = {Proceedings of Interspeech},
    pages     = {1757-1760},
    year      = {2007}
}

@INPROCEEDINGS{Prazak:2007,
    author    = {Pra\v{z}\'{a}k, A. and Ircing, P. and M\"{u}ller, L.},
    title     = {Language Model Adaptation Using Different Class-Based Models},
    booktitle = {Proceedings of SPECOM},
    pages     = {449-454},
    year      = {2007},
}

@INPROCEEDINGS{Liu:2008,
    author    = {Liu, X. and Gales, M. J. F. and Woodl, P. C.},
    title     = {Context dependent language model adaptation},
    booktitle = {Proceedings of Interspeech},
    year      = {2008}
}

@INPROCEEDINGS{Martins:2008,
    author    = {Martins, Ciro and Teixeira, Ant\'{o}nio J. S. and Neto, João Paulo},
    title     = {Automatic estimation of language model parameters for unseen words using morpho-syntactic contextual information},
    booktitle = {Proceedings of Interspeech},
    pages     = {1602-1605},
    year      = {2008}
}

@INPROCEEDINGS{Lecorve:2011,
    author    = {Lecorv\'{e}, Gw\'{e}nol\'{e} and Gravier, Guillaume and S\'{e}billot, Pascale},
    title     = {Automatically finding semantically consistent n-grams to add new words in {LVCSR} systems},
    booktitle = {Proceedings of the IEEE International Conference on Acoustics, Speech and Signal Processing (ICASSP)},
    pages     = {4676-4679},
    year      = {2011}
}

@article{Naptali:2012,
    author  = {Naptali, Welly and Tsuchiya, Masatoshi and Nakagawa, Seiichi},
    title   = {Class-Based N-Gram Language Model for New Words Using Out-of-Vocabulary to In-Vocabulary Similarity},
    journal = {IEICE Transactions on Information and Systems},
    volume  = {E95-D},
    number  = {9},
    pages   = {2308-2317},
    year    = {2012}
}


@article{Turney:2010,
    author    = {Turney, Peter D. and Pantel, Patrick},
    title     = {From Frequency to Meaning: Vector Space Models of Semantics},
    journal   = {Journal of Artificial Intelligence Research},
    publisher = {AI Access Foundation},
    volume    = {37},
    number    = {1},
    pages     = {141--188},
    year      = {2010}
}

@article{Mikolov:2013,
    author  = {Tomas Mikolov and Kai Chen and Greg Corrado and Jeffrey Dean},
    title   = {Efficient Estimation of Word Representations in Vector Space},
    journal = {CoRR},
    volume  = {abs/1301.3781},
    year    = {2013},
}


@phdthesis{Oger:2011,
    author = {Oger, Stanislas},
    title  = {Mod{\`e}les de langage ad hoc pour la reconnaissance automatique de la parole},
    school = {Universit{\'e} d'Avignon},
    type   = {Thèse en informatique},
    year   = {2011}
}


%=================================
% Prosody and questions
%=================================

@INPROCEEDINGS{Jurafsky:1997, 
    author    = {Jurafsky, D. and Bates, R. and Coccaro, N. and Martin, R. and Meteer, M. and Ries, K. and Shriberg, E. and Stolcke, A. and Taylor, P. and Van Ess-Dykema, C.}, 
    title     = {Automatic detection of discourse structure for speech recognition and understanding}, 
    booktitle = {IEEE Workshop on Automatic Speech Recognition and Understanding (ASRU)},
    pages     = {88-95},
    year      = {1997}
}

@book{Cristo:1998,
   author    = {Di Cristo, A.},
   title     = {Intonation systems: A survey of twenty languages},
   publisher = {Cambridge University Press},
   pages     = {195-218},
   year      = {1998}
}

@INPROCEEDINGS{Kral:2005,
    author    = {Kral, P. and Kleckova, J. and Cerisara, C.},
    title     = {Sentence modality recognition in {French} based on prosody}, 
    booktitle = {International Conference on Enformatika, Systems Sciences and Engineering - ESSE 2005}, 
    volume    = {8},
    pages     = {185-188}, 
    year      = {2005}
}

@INPROCEEDINGS{Yuan:2005, 
    author    = {Yuan, J. and Jurafsky, D.}, 
    title     = {Detection of questions in {Chinese} conversational speech}, 
    booktitle = {IEEE Workshop on Automatic Speech Recognition and Understanding (ASRU)}, 
    pages     = {47-52}, 
    year      = {2005}
}

@INPROCEEDINGS{Liscombe:2006,
    author    = {Liscombe, J. and Venditti, J.-J. and Hirschberg, J.},
    title     = {Detecting question-bearing turns in spoken tutorial dialogues},
    booktitle = {Proceedings of Interspeech},
    year      = {2006}
}

@INPROCEEDINGS{Quang:2006, 
    author    = {Quang, {V\~{u}} Minh and Castelli, Eric and Yen, Pham Ngoc}, 
    title     = {A decision tree-based method for speech processing: question sentence detection}, 
    booktitle = {Proceedings of the Third international conference on Fuzzy Systems and Knowledge Discovery}, 
    pages     = {1205-1212},
    year      = {2006}
}

@INPROCEEDINGS{Quang:2007,
    author    = {Quang, {V\~{u}} Minh and Besacier, Laurent and Castelli, Eric},
    title     = {Automatic question detection: prosodic-lexical features and crosslingual experiments}, 
    booktitle = {Proceedings of Interspeech}, 
    pages     = {2257-2260},
    year      = {2007}
}

@INPROCEEDINGS{Cong:2008,
    author    = {Cong, Gao and Wang, Long and Lin, Chin-Yew and Song, Young-In and Sun, Yueheng},
    title     = {Finding question-answer pairs from online forums}, 
    booktitle = {Proceedings of the 31st Annual International ACM SIGIR Conference on Research and Development in Information Retrieval}, 
    pages     = {467-474},
    year      = {2008}
}

@INPROCEEDINGS{Boakye:2009, 
    author    = {Boakye, K. and Favre, B. and Hakkani-Tur, D.}, 
    title     = {Any questions? {Automatic} question detection in meetings},
    booktitle = {IEEE Workshop on Automatic Speech Recognition and Understanding (ASRU)},
    pages     = {485-489},
    year      = {2009}
}

@article{Khan:2010,
    author  = {Khan, O. and Al-Khatib, W. G. and Cheded, L.}, 
    title   = {A Preliminary Study Of Prosody-based Detection Of Questions In {Arabic} Speech Monologues},
    journal = {Arabian Journal for Science and Engineering}, 
    volume  = {35},
    number  = {2C}, 
    pages   = {167-181}, 
    year    = {2010} 
}

@INPROCEEDINGS{Margolis:2011, 
    author    = {Margolis, A. and Ostendorf, M.}, 
    title     = {Question detection in spoken conversations using textual conversations}, 
    booktitle = {Association for Computational Linguistics}, 
    pages     = {118-124}, 
    year      = {2011}
} 

@INPROCEEDINGS{Bazillon:2011, 
    author    = {Bazillon, Thierry and Maza, Benjamin and Rouvier, Mickael and B\'{e}chet, Fr\'{e}d\'{e}ric and Nasr, Alexis}, 
    title     = {Speaker role recognition using question detection and characterization}, 
    booktitle = {Proceedings of Interspeech}, 
    pages     = {1333-1336},
    year      = {2011}
} 

@INPROCEEDINGS{Kolar:2011,
    author    = {Kolá\v{r}, Jáchym and Lamel, Lori},
    title     = {On Development of Consistently Punctuated Speech Corpora},
    booktitle = {Proceedings of Interspeech},
    pages     = {833-836},
    year      = {2011}
}


@INPROCEEDINGS{Kolar:2012,
    author    = {Kolá\v{r}, Jáchym and Lamel, Lori},
    title     = {Development and Evaluation of Automatic Punctuation for {French} and {English} Speech-to-Text}, 
    booktitle = {Proceedings of Interspeech},
    year      = {2012}
}

@INPROCEEDINGS{Hatano:2013,
    author    = {Hatano, Hiroaki and Kiso, Miyako and Ishi, Carlos Toshinori},
    title     = {Analysis of factors involved in the choice of rising or non-rising intonation in question utterances appearing in conversational speech},
    booktitle = {Proceedings of Interspeech},
    pages     = {2564-2568},
    year      = {2013}
}

@incollection{Bartkova:2013,
    author    = {Bartkova, K. and Jouvet, D.},
    title     = {Automatic Detection of the Prosodic Structures of Speech Utterances},
    booktitle = {Speech and Computer},
    publisher = {Springer},
    volume    = {8113},
    pages     = {1-8},
    year      = {2013}
}

@INPROCEEDINGS{Bartkova:2014,
  author    = {Bartkova, K. and Jouvet, D.},
  title     = {Links between manual punctuation marks and automatically detected prosodic structures},
  booktitle = {Speech Prosody},
  year      = {2014}
}

@INPROCEEDINGS{Quinn:2014,
  author    = {Quinn, K. and Zaiane, O.},
  title     = {Identifying questions \& requests in conversation},
  booktitle = {Proceedings of the 2014 International C* Conference on Computer Science \& Software Engineering},
  year      = {2014}
}


