
@INPROCEEDINGS{Orosanu2013_1,
    keywords = {own},
    author = {Orosanu, L. and Jouvet, D},
    title = {Comparison of approaches for an efficient phonetic decoding},
    booktitle = {Proceedings of Interspeech},
    year = {2013}
}

@INPROCEEDINGS{Orosanu2013_2,
    keywords = {own},
    author = {Orosanu, L. and Jouvet, D},
    title = {Comparison and Analysis of Several Phonetic Decoding Approaches},
    booktitle = {Proceedings of the 16th International Conference on Text, Speech and Dialogie (TSD)},
    year = {2013}
}

@INPROCEEDINGS{Orosanu2014_1,
    keywords = {own},
    author = {Orosanu, L. and Jouvet, D},
    title = {Combinaison de mots et de syllabes pour transcrire la parole},
    booktitle = {Journ\'{e}es d'\'{E}tude sur la parole (JEP)},
    year = {2014}
}

@INPROCEEDINGS{Orosanu2014_2,
    keywords = {own},
    author = {Orosanu, L. and Jouvet, D},
    title = {Hybrid language models for speech transcription},
    booktitle = {Proceedings of Interspeech},
    year = {2014}
}

@INPROCEEDINGS{Orosanu2015_1,
    keywords = {own},
    author = {Orosanu, L. and Jouvet, D},
    title = {Detection of sentence modality on {French} automatic speech-to-text transcriptions},
    booktitle = {Proceedings of the International Conference on Natural Language and Speech Processing {(ICNLSP)}},
    year = {2015}
}

@INPROCEEDINGS{Orosanu2015_2,
    keywords = {own},
    author = {Orosanu, L. and Jouvet, D},
    title = {Adding new words into a language model using parameters of known words with similar behavior},
    booktitle = {Proceedings of the International Conference on Natural Language and Speech Processing {(ICNLSP)}},
    year = {2015}
}

@INPROCEEDINGS{Orosanu2015_3,
    keywords = {own},
    author = {Orosanu, L. and Jouvet, D},
    title = {Combining lexical and prosodic features for automatic detection of sentence modality in {French}},
    booktitle = {Proceedings of the International Conference on Statistical Language and Speech Processing (SLSP)},
    year = {2015}
}

@INPROCEEDINGS{Piquard:2015,
    keywords = {own},
    author = {Piquard-Kipffer, Agnès and Mella, Odile and Miranda, Jérémy and Jouvet, Denis and Orosanu, Luiza},
    title = {Qualitative investigation of the display of speech recognition results for communication with deaf people},
    booktitle = {Workshop on Speech and Language Processing for Assistive Technologies (SLPAT)},
    year = {2015}
}


