
%===================
% Corpus
%===================

@INPROCEEDINGS{Galliano:2009,
    author = {Galliano, Sylvain and Gravier, Guillaume and Chaubard, Laura},
    title = {{The ESTER 2 evaluation campaign for rich transcription of French broadcasts}}, 
    booktitle = {Proceedings of Interspeech},
    year = {2009} 
}

@INPROCEEDINGS{Gravier:2012,
    author = {Gravier, Guillaume and Adda, Gilles and Paulson, Niklas and Carr\'{e}, Matthieu and Giraudel, Aude and Galibert, Olivier},
    title = {{The ETAPE corpus for the evaluation of speech-based TV content processing in the French language}},
    booktitle = {Proceedings of the International Conference on Language Resources, Evaluation and Corpora (LREC)},
    year = {2012}
}

@INPROCEEDINGS{Esteve:2010,
    author = {Est\`{e}ve, Y. and Bazillon, T.  and  Antoine, J.-Y and B\'{e}chet, F. and Farinas, J. },
    title = {The {EPAC} Corpus: manual and automatic annotations of conversational speech in {French} broadcast news}, 
    booktitle = {Proceedings of the Seventh International Conference on Language Resources and Evaluation (LREC)}, 
    year = {2010}
}

@INPROCEEDINGS{Mendonca:2011,
    author = {Mendon\c{c}a, \^{A}. and Graff, D. and DiPersio, D.},
    title = {French {Gigaword} third edition}, 
    booktitle = {Proceedings of the Linguistic Data Consortium},
    year = {2011} 
}


%===================
% Vocabulary
%===================

@INPROCEEDINGS{Calmes:1998,
    author = {de Calm\`{e}s, M. and P\'{e}rennou, G.},
    title = {{BDLEX} : a Lexicon for Spoken and Written {French}}, 
    booktitle = {Proceedings of the International Conference on Language Resources and Evaluation (LREC)}, 
    pages = {1129-1136},
    year = {1998}
}


%===================
% Classifiers
%===================

@book{Pollack:1971,
    author = {Pollack, S. L. and Hicks, H. T. and Harrison, W. J.},
    title = {Decision tables : theory and practice},
    publisher = {Wiley-Interscience},
    year = {1971}
}

@inproceedings{Kohavi:1995,
    author = {Kohavi, Ron},
    title = {The Power of Decision Tables},
    booktitle = {8th European Conference on Machine Learning},
    publisher = {Springer},
    pages = {174-189},
    year = {1995}
}
 

@book{Quinlan:1993,
    author = {Quinlan, J. R.},
    title = {C4.5: Programs for Machine Learning},
    publisher = {Morgan Kaufmann Publishers Inc.},
    year = {1993}
} 

@INPROCEEDINGS{Cohen:1995,
    author = {Cohen, W.},
    title = {Fast Effective Rule Induction},
    booktitle = {Proceedings of the Twelfth International Conference on Machine Learning},
    pages = {115-123},
    year = {1995}
}

@book{Hosmer:2000,
    author = {Hosmer, D. W. and Lemeshow, S.},
    title = {Applied logistic regression},
    publisher = {Wiley-Interscience},
    year = {2000}
}

@article{leCessie:1992,
    author = {le Cessie, S. and van Houwelingen, J.C.},
    title = {Ridge Estimators in Logistic Regression},
    journal = {Applied Statistics},
    number = {1},
    volume = {41},
    pages = {191-201},
    year = {1992}
 }
 
@article{Keerthi:2001,
    author = {Keerthi, S.S and Shevade, S.K. and Bhattacharyya, C. and Murthy, K.R.K.},
    title = {{Improvements to Platt's SMO Algorithm for SVM Classifier Design}},
    journal = {Neural Computation},
    number = {3},
    volume = {13},
    pages = {637-649},
    year = {2001}
}
 
@article{Ruck:1990,
    author = {Ruck, D. W. and Rogers, S. K. and Kabrisky, M. and Oxley, M. E. and Suter, B. W.},
    title = {{The multilayer perceptron as an approximation to a Bayes optimal discriminant function}},
    journal = {IEEE Transactions on Neural Networks},
    number = {4},
    volume = {1},
    pages = {296-298},
    year = {1990}
}

%===================
% Toolkit
%===================

@INPROCEEDINGS{Jouvet:2013-1,
  author = {Jouvet, Denis and Fohr, Dominique},
  title = {{Combining forward-based and backward-based decoders for improved speech recognition performance}},
  booktitle = {Proceedings of Interspeech},
  year = {2013}
}

@INPROCEEDINGS{Jouvet:2013-2,
  author = {Jouvet, Denis and Langlois, David},
  title = {{A Machine Learning Based Approach for Vocabulary Selection for Speech Transcription}},
  booktitle = {{TSD - 16th International Conference on Text, Speech and Dialogue - 2013}},
  volume = {8082},
  pages = {60-67},
  year = {2013}
}

@INPROCEEDINGS{Schmid:1994,
    author = {Schmid, Helmut},
    title = {Probabilistic Part-of-Speech Tagging Using Decision Trees},
    booktitle = {Proceedings of the International Conference on New Methods in Language Processing},
    pages = {44-49},
    year = {1994}
}

@INPROCEEDINGS{Placeway:1996, 
    author = {Placeway, P. and Chen, S. and Eskenazi, M. and Jain, U. and Parikh, V.  and Raj, B. and Ravishankar, M. and Rosenfeld, R. and Seymore, K. and Siegler, M. and Stern, R. and Thayer, E.}, 
    title = {{The 1996 Hub-4 Sphinx-3 System}}, 
    booktitle = {DARPA Speech Recognition Workshop}, 
    year = {1996}
}

@INPROCEEDINGS{Pei:2001,
    author = {Pei, J. and Han, J. and Mortazavi-asl, B. and Pinto, H. and Chen, Q. and Dayal, U. and Hsu, M.-C.},
    title = {{PrefixSpan}: Mining Sequential Patterns Efficiently by Prefix-Projected Pattern Growth},
    booktitle = {International Conference on Data Engineering},
    pages = {215-224},
    year = {2001}
}

@INPROCEEDINGS{Stolcke:2002,
    author = {Stolcke, A.},
    title = {{SRILM} an Extensible Language Modeling Toolkit}, 
    booktitle = {Conference on Spoken Language Processing},
    year = {2002}
}

@article{ETSI:2005,
    title = {Speech Processing, Transmission and Quality Aspects ({STQ}); distributed speech recognition; extended advanced front-end feature extraction algorithm; compression algorithms},
    author = {{ETSI ES 202 212}},
    journal = {ETSI ES},
    year = {2005}
}

@article{Hall:2009,
    author = {Hall, M. and Frank, E. and Holmes, G. and Pfahringer, B. and Reutemann, P. and Witten, I. H.},
    title = {The {WEKA} Data Mining Software: An Update},
    journal = {SIGKDD Explorations},
    volume = {11},
    number = {1},
    pages = {10-18},
    year = {2009}
} 

@INPROCEEDINGS{Jouvet:2012, 
    author={Jouvet, D. and Fohr, D. and Illina, I.}, 
    title={Evaluating grapheme-to-phoneme converters in automatic speech recognition context}, 
    booktitle={Proceedings of the IEEE International Conference on Acoustics, Speech and Signal Processing (ICASSP)}, 
    pages={4821-4824},
    year={2012}
}


%=================================
% Prosody and questions
%=================================

@INPROCEEDINGS{Jurafsky:1997, 
    author = {Jurafsky, D. and Bates, R. and Coccaro, N. and Martin, R. and Meteer, M. and Ries, K. and Shriberg, E. and Stolcke, A. and Taylor, P. and Van Ess-Dykema, C.}, 
    title = {Automatic detection of discourse structure for speech recognition and understanding}, 
    booktitle = {IEEE Workshop on Automatic Speech Recognition and Understanding},
    pages = {88-95},
    year = {1997}
}

@book{Cristo:1998,
   author = {Di Cristo, A.},
   title = {Intonation systems: A survey of twenty languages},
   publisher = {Cambridge University Press},
   pages = {195-218},
   year = {1998}
}

@INPROCEEDINGS{Kral:2005,
    author = {Kral, P. and Kleckova, J. and Cerisara, C.},
    title = {Sentence modality recognition in {French} based on prosody}, 
    booktitle = {International Conference on Enformatika, Systems Sciences and Engineering - ESSE 2005}, 
    volume = {8},
    pages = {185-188}, 
    year = {2005}
}

@INPROCEEDINGS{Yuan:2005, 
    author = {Yuan, J. and Jurafsky, D.}, 
    title = {Detection of questions in {Chinese} conversational speech}, 
    booktitle = {IEEE Workshop on Automatic Speech Recognition and Understanding}, 
    pages = {47-52}, 
    year = {2005}
}

@INPROCEEDINGS{Liscombe:2006,
    author = {Liscombe, J. and Venditti, J.-J. and Hirschberg, J.},
    title = {Detecting question-bearing turns in spoken tutorial dialogues},
    booktitle = {Proceedings of Interspeech},
    year = {2006}
}

@INPROCEEDINGS{Quang:2006, 
    author = {Quang, {V\~{u}} Minh and Castelli, Eric and Yen, Pham Ngoc}, 
    title = {A decision tree-based method for speech processing: question sentence detection}, 
    booktitle = {Proceedings of the Third international conference on Fuzzy Systems and Knowledge Discovery}, 
    pages = {1205-1212},
    year = {2006}
}

@INPROCEEDINGS{Quang:2007,
    author = {Quang, {V\~{u}} Minh and Besacier, Laurent and Castelli, Eric},
    title = {Automatic question detection: prosodic-lexical features and crosslingual experiments}, 
    booktitle = {Proceedings of Interspeech}, 
    pages = {2257-2260},
    year = {2007}
}

@INPROCEEDINGS{Boakye:2009, 
    author = {Boakye, K. and Favre, B. and Hakkani-Tur, D.}, 
    title = {Any questions? Automatic question detection in meetings},
    booktitle = {IEEE Workshop on Automatic Speech Recognition and Understanding}, 
    pages = {485-489},
    year = {2009}
}

@article{Khan:2010,
    author = {Khan, O. and Al-Khatib, W. G. and Cheded, L.}, 
    title = {A Preliminary Study Of Prosody-based Detection Of Questions In {Arabic} Speech Monologues},
    journal = {Arabian Journal for Science and Engineering}, 
    volume = {35},
    number = {2C}, 
    pages = {167-181}, 
    year = {2010} 
}

@INPROCEEDINGS{Margolis:2011, 
    author = {Margolis, A. and Ostendorf, M.}, 
    title = {Question detection in spoken conversations using textual conversations}, 
    booktitle = {Association for Computational Linguistics}, 
    pages = {118-124}, 
    year = {2011}
} 

@INPROCEEDINGS{Kolar:2012,
    author = {Kolar, Jachym and Lamel, Lori},
    title = {Development and Evaluation of Automatic Punctuation for {French} and {English} Speech-to-Text}, 
    booktitle = {Proceedings of Interspeech},
    year = {2012}
}

@incollection{Bartkova:2013,
    author = {Bartkova, K. and Jouvet, D.},
    title = {Automatic Detection of the Prosodic Structures of Speech Utterances},
    booktitle = {Speech and Computer},
    volume = {8113},
    pages = {1-8},
    publisher = {Springer},
    year = {2013}
}


