
%%================================================================
%% Conserver ces lignes STRING en d\'ebut de fichier de bibliographie
%%================================================================
@STRING{TALN = {Traitement automatique des langues naturelles}}
@STRING{TALNPAREN = " (" # TALN # ")"}
@STRING{ACTESDE = "Actes de "} 

%%================================================================
%% Introduire vos entr\'ees bibliographiques ici
%%================================================================

@InProceedings{nonNative,
    author 	= {Jouvet, Denis and Mesbahi, Larbi and Bonneau, Anne and Fohr, Dominique and Illina, Irina and Laprie, Yves},
    title 	= {Impact of Pronunciation Variant Frequency on Automatic Non-Native Speech Segmentation},
    booktitle 	= {Language and Technology Conference - LTC'11},
    pages 	= {145 - 148},
    year 	= {2011}
}

@article{Dreiseitl2002352,
	author	= {Stephan Dreiseitl and Lucila Ohno-Machado},
	title 	= {Logistic regression and artificial neural network classification models},
	journal = {Journal of Biomedical Informatics},
	volume 	= {35},
	pages 	= {352 - 359},
	year 	= {2002}
}

@article{timit,
	author	= {Garofolo, J.},
	title 	= {An acoustic phonetic continuous speech database},
	journal = {Speech communication},
	volume 	= {30},
	pages 	= {95 - 198},
	year 	= {2000}
}

@article{Witt200095,
	author 	= {S.M Witt and S.J Young},
	title 	= {Phone-level pronunciation scoring and assessment for interactive language learning},
	journal = {Speech Communication},
	volume 	= {30},
	pages	= {95 - 108},
	year 	= {2000}
}


@article{Hui2005455,
	author 	= {Hui Jiang},
	title	= {Confidence measures for speech recognition: A survey},
	journal = {Speech Communication},
	volume 	= {45},
	pages 	= {455 - 470},
	year	= {2005}
}

@inproceedings{foreignLanguage,
    url 	= {http://hal.inria.fr/inria-00184530},
    title 	= {Tools devoted to the acquisition of the prosody of a foreign language},
    author 	= {Henry, Guillaume and Bonneau, Anne and Colotte, Vincent},
    booktitle 	= {International Congress of Phonetic Sciences - ICPhS 2007},
    pages 	= {1593 - 1596},
    year	= {2007}
}

@inproceedings{outOfVocabulary,
    author 	= {Issam Bazzi and James R. Glass},
    title 	= {Modeling Out-Of-Vocabulary Words For Robust Speech Recognition},
    booktitle 	= {ICSLP}, 
    volume 	= {1},
    pages 	= {401 - 404},
    year 	= {2000}
}

@book{Young2002,
    author	= {Young, S. and Evermann, G. and Kershaw, D. and Moore, G. and Odell, J. and Ollason, D. and Povey, D. and Valtchev, V. and Woodland, P.},
    publisher 	= {Cambridge University Engineering Department},
    title 	= {The HTK Book (for HTK version 3.2)},
    year 	= {2002}
}

@book{boite2000traitement,
  title		= {Traitement de la parole},
  author	= {Boite, R.},
  isbn		= {9782880743888},
  publisher	= {Presses polytechniques et universitaires romandes},
  year		= {2000}
}

@article{speakerRec,
    author 	= {Campbell, J. P.},
    title 	= {Speaker recognition: a tutorial},
    journal 	= {Proceedings of the IEEE},
    pages 	= {1437 - 1462},
    volume 	= {85},
    year 	= {2007}
}

@inproceedings{Herron99automaticlocalization,
  author 	= {Herron, Daniel and Menzel, Wolfgang and Atwell, Eric and Bisiani, Roberto and Daneluzzi, Fabio and Morton, Rachel and Schmidt, Juergen A.},
  title 	= {Automatic localization and diagnosis of pronunciation errors for second-language learners of English.},
  booktitle 	= {EUROSPEECH},
  publisher 	= {ISCA},
  year 		= {1999}
}

@inproceedings{Eskenazi00thefluency,
    author 	= {Maxine Eskenazi and Yan Ke and Jordi Albornoz and Katharina Probst},
    title 	= {The Fluency Pronunciation Trainer: Update and user issues},
    booktitle 	= {Proceedings INSTiL2000},
    year 	= {2000}
}


@inproceedings{MESBAHI_Reliability,
    title 	= {Reliability of non-native speech automatic segmentation for prosodic feedback},
    author 	= {Mesbahi, Larbi and Jouvet, Denis and Bonneau, Anne and Fohr, Dominique and Illina, Irina and Laprie, Yves},
    booktitle 	= {Workshop on Speech and Language Technology in Education - SLaTE 2011},
    organization = {ISCA},
    year 	= {2011},
}


@phdthesis{Vaufreydaz02a,
	author 	= {Vaufreydaz, D.},
	title 	= {Modélisation statistique du langage à partir d'Internet pour la reconnaissance automatique de la parole continue},
	month 	= {January},
	year 	= {2002},
	pages 	= {160 - 161},
	address = {Grenoble (France)},
	school 	= {University Joseph Fourier},
	type 	= {Ph.D. thesis in Computer Sciences}
}


%% URL
@misc{dargnatMth,
   Author 	= {Dargnat, Mathildes and Bonneau, A. and Colotte, V.},
   title 	= {INTONALE: Perception et apprentissage des contours prosodiques en L1 et en L2},
   Howpublished = {\url{http://mathilde.dargnat.free.fr/INTONALE/intonale-web.html}},
   year 	= {2010}
}

@misc{cmu,
   Author 	= {Andrew Hunt},
   Howpublished = {\url{http://www.speech.cs.cmu.edu/cgi-bin/cmudict}},
   year 	= {1996}
}


%%================================================================
%% Conserver ces lignes qui serviront \`a des r\'ef\'erences crois\'ees
%% en fin de fichier de bibliographie
%%================================================================
@Proceedings{TALN97,
  title = 	 ACTESDE # {TALN 1997} # TALNPAREN,
  booktitle = 	 ACTESDE # {TALN 1997} # TALNPAREN,
  year = 	 1997,
  editor =	 {Damien Genthial},
  address =	 {Grenoble},
  month =	 JUN
}

@Proceedings{TALN98,
  title = 	 ACTESDE # {TALN 1998} # TALNPAREN,
  booktitle = 	 ACTESDE # {TALN 1998} # TALNPAREN,
  year = 	 1998,
  editor =	 {Pierre Zweigenbaum},
  address =	 {Paris},
  organization = {ATALA},
  month =	 JUN
}

@Proceedings{TALN99,
  title = 	 ACTESDE # {TALN 1999} # TALNPAREN,
  booktitle = 	 ACTESDE # {TALN 1999} # TALNPAREN,
  year = 	 1999,
  editor =	 {Pascal Amsili},
  address =	 {Carg\`ese},
  organization = {ATALA},
  month =	 JUL
}

@Proceedings{TALN2000,
  title = 	 ACTESDE # {TALN 2000} # TALNPAREN,
  booktitle = 	 ACTESDE # {TALN 2000} # TALNPAREN,
  year = 	 2000,
  editor =	 {Eric Wehrli and Martin Rajman},
  address =	 {Lausanne},
  organization = {ATALA},
  publisher =	 {EPFL},
  month =	 OCT
}

@Proceedings{TALN2001,
  title = 	 ACTESDE # {TALN 2001} # TALNPAREN,
  booktitle = 	 ACTESDE # {TALN 2001} # TALNPAREN,
  year = 	 2001,
  editor =	 {Denis Maurel},
  address =	 {Tours},
  organization = {ATALA},
  publisher =	 {Universit\'e de Tours},
  month =	 JUL
}

@Proceedings{TALN2002,
  title = 	 ACTESDE # {TALN 2002} # TALNPAREN,
  booktitle = 	 ACTESDE # {TALN 2002} # TALNPAREN,
  year = 	 2002,
  editor =	 {Jean-Marie Pierrel},
  address =	 {Nancy},
  organization = {ATALA},
  publisher =	 {ATILF},
  month =	 JUN
}

@Proceedings{TALN2003,
  title = 	 ACTESDE # {TALN 2003} # TALNPAREN,
  booktitle = 	 ACTESDE # {TALN 2003} # TALNPAREN,
  year = 	 2003,
  editor =	 {B\'eatrice Daille},
  address =	 {Batz-sur-mer},
  organization = {ATALA},
  publisher =	 {IRIN},
  month =	 JUN
}

@Proceedings{TALN2004,
  title = 	 ACTESDE # {TALN 2004} # TALNPAREN,
  booktitle = 	 ACTESDE # {TALN 2004} # TALNPAREN,
  year = 	 2004,
  editor =	 {Philippe Blache},
  address =	 {F\`es, Maroc},
  organization = {ATALA},
  publisher =	 {LPL},
  month =	 APR
}

@Proceedings{TALN2005,
  title = 	 ACTESDE # {TALN 2005} # TALNPAREN,
  booktitle = 	 ACTESDE # {TALN 2005} # TALNPAREN,
  year = 	 2005,
  editor =	 {Mich\`ele Jardino},
  address =	 {Dourdan},
  organization = {ATALA},
  publisher =	 {LIMSI},
  month =	 JUN
}

@Proceedings{TALN2007,
  title = 	 ACTESDE # {TALN 2007} # TALNPAREN,
  booktitle = 	 ACTESDE # {TALN 2007} # TALNPAREN,
  year = 	 {2007},
  editor =	 {Farah Benarmara and Nabil Hatout and Philippe Muller and Sylwia Ozdowska},
  address =	 {Toulouse},
  organization = {ATALA},
  publisher =	 {IRIT},
  month =	 JUN
}

@Proceedings{TALN2009,
  title = 	 ACTESDE # {TALN 2009} # TALNPAREN,
  booktitle = 	 ACTESDE # {TALN 2009} # TALNPAREN,
  year = 	 {2009},
  address =	 {Senlis},
  organization = {ATALA},
  publisher =	 {LIPN},
  month =	 JUN
}
