
@inproceedings{Barnard,
  author 	= {Davel, M.H. and van Heerden, C.J. and Barnard, E.},
  title 	= {VALIDATING SMARTPHONE-COLLECTED SPEECH CORPORA},
  organization 	= {SLTU},
  year 		= {2012}
}

@inproceedings{Herron99automaticlocalization,
  author 	= {Herron, D. and Menzel, W. and Atwell, E. and Bisiani, R. and Daneluzzi, F. and Morton, R. and Schmidt, J. A.},
  title 	= {Automatic localization and diagnosis of pronunciation errors for second-language learners of English.},
  booktitle 	= {EUROSPEECH},
  year 		= {1999}
}

@article{Witt200095,
	author 	= {S.M Witt and S.J Young},
	title 	= {Phone-level pronunciation scoring and assessment for interactive language learning},
	journal = {Speech Communication},
	volume 	= {30},
	pages	= {95 - 108},
	year 	= {2000}
}

@article{White2008,
	author 	= {White, C. and Zweig, G. and Burget, L. and Schwarz, P. and Hermansky, H.},
	title 	= {Confidence estimation, OOV detection and language ID using phone-to-word transduction and phone-level alignments},
	journal = {ICASSP},
	pages	= {4085-4088},
	year 	= {2008}
}

@inproceedings{Eskenazi00thefluency,
    author 	= {M. Eskenazi and Y. Ke and J. Albornoz and K. Probst},
    title 	= {The Fluency Pronunciation Trainer: Update and user issues},
    booktitle 	= {Proceedings INSTiL2000},
    year 	= {2000}
}


@inproceedings{foreignLanguage,
    author 	= {Henry, G. and Bonneau, A. and Colotte, V.},
    title 	= {Tools devoted to the acquisition of the prosody of a foreign language},
    booktitle 	= {International Congress of Phonetic Sciences},
    pages 	= {1593 - 1596},
    year	= {2007}
}


@inproceedings{MESBAHI_Reliability,
    title 	= {Reliability of non-native speech automatic segmentation for prosodic feedback},
    author 	= {Mesbahi, L. and Jouvet, D. and Bonneau, A. and Fohr, D. and Illina, I. and Laprie, Y.},
    booktitle 	= {Workshop on Speech and Language Technology in Education},
    organization = {ISCA},
    year 	= {2011},
}

@InProceedings{nonNative,
    author 	= {Jouvet, D. and Mesbahi, L. and Bonneau, A. and Fohr, D. and Illina, I. and Laprie, Y.},
    title 	= {Impact of Pronunciation Variant Frequency on Automatic Non-Native Speech Segmentation},
    booktitle 	= {Language and Technology Conference},
    pages 	= {145 - 148},
    year 	= {2011}
}

@inproceedings{outOfVocabulary,
    author 	= {Issam Bazzi and James R. Glass},
    title 	= {Modeling Out-Of-Vocabulary Words For Robust Speech Recognition},
    booktitle 	= {ICSLP}, 
    volume 	= {1},
    pages 	= {401 - 404},
    year 	= {2000}
}


@book{boite2000traitement,
  author	= {Boite, R.},
  title		= {Traitement de la parole},
  publisher	= {Presses polytechniques et universitaires romandes},
  year		= {2000}
}

@article{Dreiseitl2002352,
	author	= {S. Dreiseitl and L. Ohno-Machado},
	title 	= {Logistic regression and artificial neural network classification models},
	journal = {Journal of Biomedical Informatics},
	volume 	= {35},
	pages 	= {352 - 359},
	year 	= {2002}
}


@misc{dargnatMth,
   Author 	= {Dargnat, M. and Bonneau, A. and Colotte, V.},
   title 	= {Perception et apprentissage des contours prosodiques en L1 et en L2},
   Howpublished = {"http://mathilde.dargnat.free.fr/INTONALE/intonale-web.html"},
   year 	= {2010}
}


@article{timit,
	author	= {Garofolo, J.},
	title 	= {An acoustic phonetic continuous speech database},
	journal = {Speech communication},
	volume 	= {30},
	pages 	= {95 - 198},
	year 	= {2000}
}

@article{ESTER,
	author	= {Galliano, S. and Gravier, G. and Chaubard, L.},
	title 	= {The ESTER2 Evaluation Campaign for the Rich Transcription of French Radio Broadcasts},
	journal = {Interspeech},
	year 	= {2009}
}

@book{Young2002,
    author	= {Young, S. and Evermann, G. and Kershaw, D. and Moore, G. and Odell, J. and Ollason, D. and Povey, D. and Valtchev, V. and Woodland, P.},
    publisher 	= {Cambridge University Engineering Department},
    title 	= {The HTK Book (for HTK version 3.2)},
    year 	= {2002}
}

@misc{cmu,
   Author 	= {Andrew Hunt},
   Howpublished = {"http://www.speech.cs.cmu.edu/cgi-bin/cmudict"},
   year 	= {1996}
}

@article{Hui2005455,
	author 	= {Hui Jiang},
	title	= {Confidence measures for speech recognition: A survey},
	journal = {Speech Communication},
	volume 	= {45},
	pages 	= {455 - 470},
	year	= {2005}
}




@article{speakerRec,
    author 	= {Campbell, J. P.},
    title 	= {Speaker recognition: a tutorial},
    journal 	= {Proceedings of the IEEE},
    pages 	= {1437 - 1462},
    volume 	= {85},
    year 	= {2007}
}


@phdthesis{Vaufreydaz02a,
	author 	= {Vaufreydaz, D.},
	title 	= {Modélisation statistique du langage à partir d'Internet pour la reconnaissance automatique de la parole continue},
	year 	= {2002},
	pages 	= {160 - 161},
	school 	= {University Joseph Fourier},
	type 	= {Ph.D. thesis in Computer Sciences}
}



