
%===================
% Toolkit
%===================

@article{Kullback:1951,
    author = {Kullback, S. and Leibler, R. A.},
    title = {On Information and Sufficiency},
    journal = {The Annals of Mathematical Statistics},
    volume = {22},
    number = {1},
    pages = {79-86},
    year = {1951}
}


@INPROCEEDINGS{Placeway:1996, 
    author = {Placeway, P. and Chen, S. and Eskenazi, M. and Jain, U. and Parikh, V. and Raj, B. and Ravishankar, M. and Rosenfeld, R. and Seymore, K. and Siegler, M. and Stern, R. and Thayer, E.}, 
    title = {The 1996 {Hub-4 Sphinx-3} System}, 
    booktitle = {DARPA Speech Recognition Workshop}, 
    year = {1996}
}

@INPROCEEDINGS{Stolcke:2002,
    author = {Stolcke, A.},
    title = {{SRILM} an Extensible Language Modeling Toolkit}, 
    booktitle = {Conference on Spoken Language Processing},
    year = {2002}
}

@INPROCEEDINGS{Illina:2011,
    author = {Illina, Irina and Fohr, Dominique and Jouvet, Denis},
    title = {Grapheme-to-Phoneme Conversion using Conditional Random Fields}, 
    booktitle = {Proceedings of Interspeech},
    pages = {2313-2316},
    year = {2011}
} 

@INPROCEEDINGS{Jouvet:2012, 
    author={Jouvet, D. and Fohr, D. and Illina, I.}, 
    title={Evaluating grapheme-to-phoneme converters in automatic speech recognition context}, 
    booktitle={Proceedings of the IEEE International Conference on Acoustics, Speech and Signal Processing (ICASSP)}, 
    pages={4821-4824},
    year={2012}
}

@INPROCEEDINGS{Fohr:2012,
    author = {Dominique Fohr and Odile Mella},
    title = {{CoALT}: A Software for Comparing Automatic Labelling Tools},
    booktitle = {Proceedings of the International Conference on Language Resources and Evaluation (LREC'12)},
    year = {2012}
}

@INPROCEEDINGS{Schmid:1994,
    author = {Schmid, Helmut},
    title = {Probabilistic Part-of-Speech Tagging Using Decision Trees},
    booktitle = {Proceedings of the International Conference on New Methods in Language Processing},
    pages = {44-49},
    year = {1994}
}


%===================
% Corpus
%===================

@misc{WikipediaFR, 
    author = {Sajous, Franck}, 
    title = {{Corpus WikipédiaFR2008}},
    howpublished = {\\"http://redac.univ-tlse2.fr/corpus/wikipedia.html"}
}

@INPROCEEDINGS{Galliano:2009,
    author = {Galliano, Sylvain and Gravier, Guillaume and Chaubard, Laura},
    title = {The {ESTER} 2 evaluation campaign for rich transcription of {French} broadcasts}, 
    booktitle = {Proceedings of Interspeech},
    year = {2009} 
}

@INPROCEEDINGS{Esteve:2010,
    author = {Estève, Yannick and Bazillon, Thierry and Antoine, Jean-Yves and Béchet, Frédéric and Farinas, Jérôme}, 
    title = {The {EPAC} Corpus: Manual and Automatic Annotations of Conversational Speech in {French} Broadcast News}, 
    booktitle = {Proceedings of the Seventh International Conference on Language Resources and Evaluation}, 
    year = {2010}
}

@INPROCEEDINGS{Mendoca:2011,
    author = {Mendonça, \^{A}. and Graff, D. and DiPersio, D.},
    title = {French {Gigaword} third edition}, 
    booktitle = {Proceedings of the Linguistic Data Consortium},
    year = {2011} 
}

@INPROCEEDINGS{Gravier:2012,
    author = {Gravier, Guillaume and Adda, Gilles and Paulson, Niklas and Carré, Matthieu and Giraudel, Aude and Galibert, Olivier},
    title = {The {ETAPE} corpus for the evaluation of speech-based {TV} content processing in the {French} language},
    booktitle = {Proceedings of the International Conference on Language Resources, Evaluation and Corpora},
    year = {2012}
}

@INPROCEEDINGS{Reese:2010,
    author = {Reese, Samuel and Boleda, Gemma and Cuadros, Montse and Padró, Lluís and Rigau, German},
    title = {Wikicorpus: A Word-Sense Disambiguated Multilingual {Wikipedia} Corpus},
    booktitle = {Proceedings of 7th Language Resources and Evaluation Conference (LREC'10)},
    year=2010
}


%===================
% Vocabulary
%===================

@INPROCEEDINGS{Calmes:1998,
    author = {de Calmés, M. and Pérennou, G.},
    title = {{BDLEX}: a Lexicon for Spoken and Written {French}}, 
    booktitle = {Language Resources and Evaluation},
    pages = {1129-1136},
    year = {1998}
}


%=================================
% Add unknown words
%=================================


@INPROCEEDINGS{Asadi:1991,
    author = {Asadi, A. and Schwartz, R. and Makhoul, J.},
    title = {Automatic modeling for adding new words to a large-vocabulary continuous speech recognition system},
    booktitle = {Proceedings of the IEEE International Conference on Acoustics, Speech and Signal Processing (ICASSP)},
    volume = {1},
    pages = {305-308},
    year = {1991}
}

@ARTICLE{Brown:1992,
    author = {Brown, Peter F. and deSouza, Peter V. and Mercer, Robert L.  and Della Pietra, Vincent J. and Lai, Jenifer C. },
    title = {Class-Based n-gram Models of Natural Language},
    journal = {Computational Linguistics},
    volume = {18},
    pages = {467-479},
    year = {1992}
}

@inproceedings{Suhm:1994,
    author = {Suhm, Bernhard and Waibel, Alex},
    title = {Towards better language models for spontaneous speech},
    booktitle = {The 3rd International Conference on Spoken Language Processing (ICSLP)},
    publisher = {ISCA},
    year = {1994}
}

@article{Young:1996,
    author = {Young, Steve},
    title = {A review of large-vocabulary continuous-speech},
    journal = {Signal Processing Magazine, IEEE},
    publisher = {IEEE},
    volume = {13},
    number = {5},
    pages = {45},
    year = {1996}
}

@INPROCEEDINGS{Dagan:1999,
    author = {Dagan, Ido and  Lee, Lillian and Pereira, Fernando C. N.},
    title = {Similarity-Based Models of Word Cooccurrence Probabilities},
    booktitle = {Machine Learning},
    volume = {34},
    number = {1-3},
    pages = {43-69},
    year = {1999}
}

@inproceedings{Woodland:2000,
   author = {Woodland, P. C. and Johnson, S. E. and Jourlin, P. and Jones, K. Sp\"{a}rck},
   title = {Effects of out of vocabulary words in spoken document retrieval},
   booktitle = {Proceedings of the 23rd Annual International ACM SIGIR Conference on Research and Development in Information Retrieval},
   publisher = {ACM},
   pages = {372-374},
   year = {2000}
}

@article{Keller:2003,
    author = {Keller, Frank and Lapata, Mirella},
    title = {Using the Web to Obtain Frequencies for Unseen Bigrams},
    journal = {Computational Linguistics},
    volume = {29},
    number = {3},
    pages = {459-484},
    year = {2003}
}

@article{Bellegarda:2004,
    author = {Bellegarda, Jerome R.},
    title = {Statistical language model adaptation: review and perspectives},
    journal = {Speech Communication},
    volume = {42},
    pages = {93-108},
    year = {2004}
}

@article{Zitouni:2007,
    author = {Zitouni, Imed},
    title = {Backoff hierarchical class n-gram language models: effectiveness to model unseen events in speech recognition},
    journal = {Computer Speech \& Language},
    volume = {21},
    number = {1},
    pages = {88-104},
    year = {2007}
}

@INPROCEEDINGS{Ketabdar:2007,
    author = {Ketabdar, Hamed and Hannemann, Mirko and Hermansky, Hynek},
    title = {Detection of out-of-vocabulary words in posterior based {ASR}},
    booktitle = {Proceedings of Interspeech},
    pages = {1757-1760},
    year = {2007}
}

@INPROCEEDINGS{Prazak:2007,
    author = {Pra\v{z}\'{a}k, A. and Ircing, P. and M\"{u}ller, L.},
    title = {Language Model Adaptation Using Different Class-Based Models},
    booktitle = {Proceedings of SPECOM},
    pages = {449-454},
    year = {2007},
}

@INPROCEEDINGS{Martins:2008,
    author = {Martins, Ciro and Teixeira, António J. S. and Neto, João Paulo},
    title = {Automatic estimation of language model parameters for unseen words using morpho-syntactic contextual information},
    booktitle = {Proceedings of Interspeech},
    pages = {1602-1605},
    year = {2008}
}

@INPROCEEDINGS{Lecorve:2011,
    author = {Lecorvé, Gwénolé and Gravier, Guillaume and Sébillot, Pascale},
    title = {Automatically finding semantically consistent n-grams to add new words in {LVCSR} systems},
    booktitle = {Proceedings of the IEEE International Conference on Acoustics, Speech and Signal Processing (ICASSP)},
    pages = {4676-4679},
    year = {2011}
}

@article{Naptali:2012,
    author = {Naptali, Welly and Tsuchiya, Masatoshi and Nakagawa, Seiichi},
    title = {Class-Based N-Gram Language Model for New Words Using Out-of-Vocabulary to In-Vocabulary Similarity},
    journal = {IEICE Transactions on Information and Systems},
    number = {9},
    pages = {2308-2317},
    volume = {E95-D},
    year = {2012}
}

%============================
% Hybrid models
%============================

@INPROCEEDINGS{Yazgan2004, 
    author = {Yazgan, A. and Saraclar, M.}, 
    title = {Hybrid language models for out of vocabulary word detection in large vocabulary conversational speech recognition}, 
    booktitle = {Proceedings of the IEEE International Conference on Acoustics, Speech and Signal Processing (ICASSP)}, 
    volume = {1}, 
    pages = {I-745-8}, 
    year = {2004}
}

@INPROCEEDINGS{Bisani2005,
    author = {Bisani, Maximilian and Ney, Hermann},
    title = {Open vocabulary speech recognition with flat hybrid models},
    booktitle = {Proceedings of Interspeech},
    pages = {725-728},
    year = {2005}
}

@INPROCEEDINGS{Rastrow2009,
    author = {Rastrow, A. and Sethy, A. and Ramabhadran, B. and Jelinek, F.},
    title = {Towards using hybrid word and fragment units for vocabulary independent {LVCSR} systems},
    booktitle = {Proceedings of Interspeech},
    pages = {1931-1934},
    year = {2009}
}

@INPROCEEDINGS{Shaik2011,
  author = {Shaik, M Ali Basha and Mousa, Amr El-Desoky and Schl{\"u}ter, Ralf and Ney, Hermann},
  title = {Hybrid Language Models Using Mixed Types of Sub-Lexical Units for Open Vocabulary {German LVCSR}},
  booktitle = {Proceedings of Interspeech},
  pages = {1441--1444},
  year = {2011}
}







