
@misc{Schonbachler2003,
Author = {Schönbächler, J.},
title = {Le traitement de la parole pour les personnes handicapées},
Howpublished = {travail de séminaire},
year = {2003}
}

@phdthesis{Sokol1996,
author = {Sokol, R.},
title = {Réseaux neuro-flous et reconnaissance de traits phonétiques pour l'aide à la lecture labiale},
school = {Université de Rennes},
type = {Ph.D. thesis in Computer Sciences},
year = {1996}
}

@inproceedings{Cox2002,
author = {Cox, S. and Lincoln, M. and Tryggvason, J. and Nakisa, M. and Wells, M. and Tutt, M. and Abbott, S.},
title = {Tessa, a system to aid communication with deaf people},
booktitle = {ACM conference on Assistive technologies},
pages = {205--212},
publisher = {ACM},
year = {2002}
}

@inproceedings{Woodcock1997,
author = {Woodcock, K.},
title = {Ergonomics and automatic speech recognition applications for deaf and hard-of-hearing users},
booktitle = {Technology and Disability},
vol = {7},
pages = {147-164},
year = {1997}
}

@article{Lippmann1997,
author = { Lippmann, R.-P },
title = {Speech recognition by machines and humans},
journal = {Speech Communication},
number = {1},
volume = {22},
pages = {1-15},
year = {1997}
}

@article{Coursant1999, 
author = {Coursant-Moreau, A. and Destombes, F.}, 
title = {LIPCOM, prototype d'aide automatique à la réception de la parole par les personnes sourdes}, 
journal = {Glossa},
number = {68}, 
volume = {53},
pages = {36--40},
year = {2002}
}

@article{Jiang2005,
author = {Jiang, H.},
title = {Confidence measures for speech recognition: A survey},
journal = {Speech Communication},
number = {4},
volume = {45},
pages = {455--470},
year = {2005}
}

@inproceedings{Razik2008,
author = {Razik, J. and Mella, O. and Fohr, D. and Haton, J.-P.},
title = {Transcription automatique pour malentendants : amélioration à l'aide de mesures de confiance locales},
booktitle = {Journées d'Étude de la Parole},
year = {2008}
}

@inproceedings{Zhang2002,
author = {Zhang, L. and Edmondson, W.-H},
title = {Speech Recognition Using Syllable Patterns},
booktitle = {Spoken Language Processing},
year = {2002}
}

@inproceedings{Tachbelie2011,
author = {Tachbelie, M. and Besacier, L. and Rossato, S.},
title = {Comparison of syllable and triphone based speech recognition for Amharic},
booktitle = {Proceedings of the LTC},
pages={207--211},
year = {2011}
}

@inproceedings{Wu1998,
author = {Wu, S.-L. and Kingsbury, B. and Morgan, N. and Greenberg,S..},
title = {Incorporating Information from Syllable-length Time Scales into Automatic Speech Recognition},
booktitle = {ICASSP},
pages={721--724},
year = {1998}
}


@article{Ganapathiraju2001,
author={Ganapathiraju, A. and Hamaker, J. and Picone, J. and Ordowski, M. and Doddington, G.R.},
title={Syllable-based large vocabulary continuous speech recognition},
journal={ IEEE Transactions on Speech and Audio Processing},
number={4},
volume={9},
pages={358-366},
year={2001},
}



@inproceedings{Hamalainen2005,
author = {Hämäaläainen, A. and Boves, L. and de Veth, J.},
title = {Syllable-Length Acoustic Units in Large-Vocabulary Continuous Speech Recognition},
booktitle= {SPECOM},
pages = {499--502},
year = {2005}
}

@inproceedings{Blouch2006,
author = {Blouch, O. and Collen, P.},
title = {Reconnaissance automatique de phonèmes guidée par les syllabes},
booktitle= {Journées d'Etude de la Parole},
year = {2006}
}

@INPROCEEDINGS{Yazgan2004, 
author={Yazgan, A. and Saraclar, M.}, 
title={Hybrid language models for out of vocabulary word detection in large vocabulary conversational speech recognition}, 
booktitle={ICASSP}, 
volume={1}, 
pages={I-745-8}, 
year={2004}
}

@inproceedings{Bisani2005,
author = {Bisani, Maximilian and Ney, Hermann},
title = {Open vocabulary speech recognition with flat hybrid models},
booktitle = {INTERSPEECH},
pages = {725-728},
year = {2005}
}

@inproceedings{Rastrow2009,
author = {Rastrow, A. and Sethy, A. and Ramabhadran, B. and Jelinek, F.},
title = {Towards using hybrid word and fragment units for vocabulary independent LVCSR systems},
booktitle = {INTERSPEECH},
pages = {1931-1934},
year = {2009}
}

@inproceedings{shaik2011,
  author={Shaik, M Ali Basha and Mousa, Amr El-Desoky and Schl{\"u}ter, Ralf and Ney, Hermann},
  title={Hybrid Language Models Using Mixed Types of Sub-Lexical Units for Open Vocabulary German LVCSR.},
  booktitle={INTERSPEECH},
  pages={1441--1444},
  year={2011}
}

@inproceedings{Bigi2010,
author = {Bigi, B. and Meunier, C. and Bertrand, R. and Nesterenko, I.},
title = {Annotation automatique en syllabes d'un dialogue oral spontané},
booktitle = {Journées d'Étude de la Parole},
pages = {1-4},
year = {2010}
}

@inproceedings{Galliano2009,
author = { Galliano, S. and Gravier, G. and Chaubard, L.},
title = {The ESTER 2 evaluation campaign for rich transcription of French broadcasts},
booktitle = {INTERSPEECH},
year = {2009}
}


@inproceedings{Gravier2012,
    author = {Gravier, G. and Adda, G. and Paulson, N. and Carré, M. and Giraudel, A. and Galibert, O. },
    title = {The ETAPE corpus for the evaluation of speech-based TV content processing in the French language},
    booktitle = {Language Resources and Evaluation (LREC'12)},
    year = {2012}
}

@InProceedings{ESTEVE2010,
author = {Estève, Y. and Bazillon, T.  and  Antoine, J.-Y and Béchet, F. and Farinas, J. },
title = {The EPAC Corpus: Manual and Automatic Annotations of Conversational Speech in French Broadcast News},
booktitle = {Language Resources and Evaluation (LREC'10)},
year = {2010}
}

@inproceedings{Mendoca2011,
author = {Mendonça, Â. and Graff, D. and DiPersio, D.},
title = {French gigaword third edition},
booktitle = {Linguistic Data Consortium},
year = {2011}
}

@inproceedings{Calmes1998,
author = {de Calmés, M. and Pérennou, G.},
title = {BDLEX : a Lexicon for Spoken and Written French},
booktitle = {Language Resources and Evaluation (LREC1998)},
pages={1129--1136},
year = {1998}
}

@inproceedings{Illina2011,
author = {Illina, I. and Fohr, D. Jouvet, D. },
title={Grapheme-to-Phoneme Conversion using Conditional Random Fields},
booktitle = {INTERSPEECH},
pages = {2313-2316},
year = {2011}
}

@INPROCEEDINGS{Placeway1996,
author = {P. Placeway and S. Chen and M. Eskenazi and U. Jain and V. Parikh and B. Raj and M. Ravishankar and R. Rosenfeld and K. Seymore and M. Siegler and R. Stern and E. Thayer},
title = {The 1996 Hub-4 Sphinx-3 System},
booktitle = {DARPA Speech Recognition Workshop},
year = {1996}
}

@inproceedings{Stolcke2002,
author = {Stolcke, A.},
title = {SRILM an Extensible Language Modeling Toolkit},
booktitle = {Spoken Language Processing},
year = {2002}
}

@InProceedings{FOHR2012,
  author = {D. Fohr and O. Mella},
  title = {CoALT: A Software for Comparing Automatic Labelling Tools},
  booktitle = {Language Resources and Evaluation (LREC'12)},
  year = {2012}
}

@INPROCEEDINGS{Huggins2006,
    author = {D. Huggins-daines and M. Kumar and A. Chan and A.-W. Black and M. Ravishankar and A. Rudnicky},
    title = {PocketSphinx: A free, real-time continuous speech recognition system for hand-held devices},
    booktitle = {ICASSP},
    year = {2006}
}

@INPROCEEDINGS{Orosanu2013_1,
    author = {Orosanu, L. and Jouvet, D},
    title = {Comparison of approaches for an efficient phonetic decoding},
    booktitle = {INTERSPEECH},
    year = {2013}
}

@INPROCEEDINGS{Orosanu2013_2,
    author = {Orosanu, L. and Jouvet, D},
    title = {Comparison and Analysis of Several Phonetic Decoding Approaches},
    booktitle = {TSD},
    year = {2013}
}
